4009 5434
440 693 503 761 106

389 1006 482 1075 ducit
495 1008 536 1077 de
550 1026 663 1093 cumpo
676 1010 789 1073 secuto
803 1004 993 1075 Bnncaurn
1007 1026 1110 1093 usqne
1127 1006 1173 1073 ad
1184 1004 1305 1074 mum
1319 1006 1410 1093 quod
1426 1005 1546 1077 dicitu
1562 1006 1768 1077 Rrerroun·

390 1165 503 1212 nanus
518 1146 666 1231 exparte
685 1142 874 1213 occidentali
893 1146 927 1211 et
944 1164 965 1213 e
984 1146 1072 1211 terra
1089 1145 1169 1214 tuno
1187 1140 1348 1231 minoe]
1370 1166 1412 1231 sp
1432 1142 1598 1213 (lincoln
1616 1144 1768 1216 Deam

388 1281 797 1369 inberialiparteusqua
818 1278 1766 1353 adtcrramdcminioommansriinostuidsssmusain

388 1418 809 1507 partceustralistatarrs
826 1416 1424 1505 dominicaejuademmaneriincstri
1444 1417 1481 1483 in
1501 1422 1594 1505 parte
1615 1418 1765 1487 orientali

385 1578 488 1643 suque
513 1557 556 1623 ed
580 1560 700 1627 terram
725 1560 804 1623 tunc
827 1554 923 1621 Reus
948 1578 989 1643 sp
1016 1553 1148 1621 me
1174 1559 1209 1621 st
1231 1553 1426 1641 participum
1450 1578 1582 1623 sucmm
1606 1556 1643 1624 in
1670 1561 1763 1643 parto

386 1693 577 1765 occidentali
591 1698 658 1760 sta
673 1694 813 1778 quodam
826 1692 946 1759 fossato
960 1696 1073 1761 vocate
1087 1690 1261 1761 Knvm
1276 1689 1457 1760 Gwrrrcrs
1471 1693 1596 1761 vachsn
1615 1693 1652 1761 in
1670 1698 1763 1781 porta

387 1830 509 1899 boreali
522 1831 815 1917 usqueadvsdum
831 1832 982 1897 vocatum
1003 1828 1076 1896 Ru>
1097 1828 1217 1897 Gonrn
1239 1852 1281 1897 ox
1301 1834 1394 1917 parta
1414 1830 1549 1898 australi
1570 1830 1669 1899 simul
1688 1852 1764 1900 cum

386 1992 454 2037 una
478 1991 552 2035 acra
576 1973 660 2035 terre
686 1971 720 2034 st
743 1966 829 2054 prati
852 1989 915 2054 que
940 1967 1763 2055 jacctperseiuxtsutamviamquoducitcc

386 2106 578 2175 Bmunurn
597 2127 707 2172 versis
726 2104 947 2171 chanueen.
992 2103 1213 2173 concessimus
1233 2104 1335 2172 eciam
1356 2106 1444 2192 quod
1464 2105 1640 2193 burgenses
1659 2106 1762 2175 nostri

384 2243 523 2332 predicti
541 2266 607 2311 esse
625 2266 693 2309 non
712 2241 852 2311 debeant
869 2246 1047 2330 receptores
1065 2242 1272 2311 denariorum
1289 2246 1473 2311 nostrorum
1490 2243 1704 2311 nisi.tautum
1722 2245 1764 2313 de

384 2380 526 2450 dewiis
547 2378 739 2448 exeuntibus
760 2381 801 2447 de
822 2379 943 2447 ballivo
962 2380 1144 2467 prepositus
1161 2380 1308 2469 ejusdcm
1331 2380 1409 2447 ville
1430 2385 1538 2448 nostre
1561 2404 1622 2447 nac
1645 2380 1763 2468 aliquis

386 2520 509 2588 seldsm
530 2522 675 2605 apertam
695 2519 737 2584 de
759 2516 920 2604 aliquibus
941 2516 1171 2587 muchaudisis
1191 2540 1251 2585 neo
1271 2516 1441 2587 tabernam
1464 2540 1524 2585 nec
1546 2517 1616 2584 corf
1639 2518 1763 2585 iaciant

385 2656 423 2725 iu
437 2658 550 2723 eadem
568 2655 647 2722 villa
665 2660 775 2721 nostre
793 2654 857 2720 nisi
875 2654 977 2721 fuerit
995 2676 1070 2721 cum
1086 2654 1239 2741 predialis
1254 2652 1469 2741 brugensibus
1487 2655 1606 2724 nostris
1621 2655 1764 2727 locatum

385 2798 421 2861 ct
447 2798 605 2859 sectatum
631 2796 666 2861 st
694 2792 782 2859 inira
806 2792 942 2879 gcrldsm
969 2790 1158 2861 libertatum
1184 2795 1339 2878 receptus.
1384 2790 1522 2859 Necnon
1552 2792 1764 2863 concessimus

385 2932 507 3000 eisdem
531 2928 745 3018 burgensibus
769 2930 887 2997 nostris
912 2930 1000 3015 quod
1019 2928 1084 3017 ipsi
1106 2933 1141 2996 et
1160 2950 1351 2997 discessores
1372 2929 1424 2997 sui
1443 2930 1580 3017 geldam
1600 2930 1687 2998 inter
1709 2951 1763 2999 cos

386 3068 492 3137 tacere
506 3069 704 3155 possintque
715 3070 859 3154 tompore
873 3070 907 3133 ct
921 3068 1178 3154 quandocunque
1188 3066 1351 3134 voluerint
1363 3068 1407 3134 ad
1419 3068 1599 3154 proficuum
1608 3069 1761 3155 ipsorum.

386 3204 435 3275 Et
456 3208 543 3293 quod
564 3203 716 3292 distringi
737 3226 804 3271 non
825 3202 965 3271 debeant
984 3226 1043 3293 prc
1065 3203 1174 3272 debito
1195 3204 1336 3293 alicujus
1355 3204 1419 3272 nisi
1438 3204 1598 3272 debitores
1614 3204 1763 3293 etplegii

385 3365 445 3431 pro
460 3344 572 3409 eodem
584 3342 709 3409 scierint
722 3345 757 3409 et
770 3306 859 3429 quod
870 3340 981 3409 nullus
994 3340 1133 3409 ballivus
1146 3345 1255 3409 nodas
1267 3342 1371 3411 colora
1385 3340 1504 3415 bellive
1520 3364 1577 3409 sue
1597 3364 1761 3410 summon-

385 3478 505 3547 icicnes
530 3502 587 3547 seu
611 3478 862 3547 attachiemsnta
887 3479 988 3547 facist
1008 3502 1066 3547 seu
1085 3478 1174 3547 infra
1193 3478 1322 3547 bundas
1340 3479 1499 3566 predictas
1520 3477 1761 3549 distrincicmm

264 3710 265 3715 ἵ
387 3618 494 3705 capiet
517 3618 581 3685 nisi
607 3622 737 3685 tanturm
762 3618 1016 3687 constabularius
1040 3617 1137 3686 custri
1159 3617 1263 3685 nostri
1287 3619 1328 3686 de
1352 3617 1570 3687 lusimus
1593 3622 1628 3684 et
1649 3616 1762 3687 bulliu'

388 3756 534 3843 ejusdem
549 3755 626 3823 ville
641 3754 697 3843 qui
710 3778 769 3843 per
782 3755 868 3842 ipsos
880 3754 1058 3843 burgenses
1070 3755 1194 3824 norint
1207 3754 1301 3823 electi
1321 3761 1356 3823 et
1376 3756 1464 3842 quod
1481 3758 1674 3823 mercatores
1689 3776 1762 3823 oum

387 3916 499 3961 corum
524 3893 754 3961 merchsndisis
778 3892 857 3960 alibi
880 3914 947 3959 ncn
969 3897 1137 3959 transeant
1153 3914 1252 3979 quam
1275 3914 1334 3979 per
1357 3893 1483 3981 regulos
1501 3892 1571 3959 vias
1590 3914 1649 3979 per
1669 3892 1763 3959 villos

388 4032 429 4097 de
451 4022 572 4117 bur'gis.
616 4030 673 4097 Ita
694 4031 781 4117 quod
801 4052 861 4097 nos
882 4052 941 4096 nec
962 4028 1095 4096 heredes
1114 4028 1218 4097 nostrl
1237 4029 1398 4098 tolnetum
1418 4034 1565 4097 nostmm
1588 4053 1647 4097 nec
1672 4027 1762 4099 aliud

389 4172 573 4235 crstinum
593 4167 686 4235 nobis
707 4166 854 4235 debitum
874 4166 983 4253 aliquo
1005 4170 1150 4253 tempore
1174 4166 1371 4235 amittamus.
1416 4166 1637 4235 Concasdmus
1660 4168 1762 4239 eciam

365 4295 369 4309 ⁸
388 4306 477 4391 quod
490 4284 600 4372 nullus
613 4306 654 4372 de
667 4304 882 4392 burgensibus
894 4302 1014 4373 nostris
1025 4302 1179 4390 predictis
1190 4303 1263 4390 capi
1275 4326 1336 4373 neo
1348 4304 1552 4391 imprisonari
1570 4304 1687 4374 debeat
1702 4328 1761 4393 pro

388 4440 550 4529 aliquibus
563 4464 617 4510 eos
629 4441 840 4529 tangentibus
853 4442 933 4509 dum
946 4440 1230 4527 manucapoicnem
1243 4464 1301 4509 scu
1313 4440 1459 4529 plegium
1469 4446 1604 4530 possiunt
1616 4441 1761 4511 invenie

388 4578 453 4647 nisi
466 4601 543 4647 casu
554 4578 675 4647 telonia
688 4602 763 4647 cum
776 4602 971 4666 munucpcrc
984 4582 1115 4647 tantum
1127 4577 1215 4663 cepti
1227 4577 1352 4647 ineunt
1371 4601 1429 4646 ssu
1449 4601 1509 4665 pro
1527 4578 1690 4665 aliquibus
1702 4600 1762 4646 nos

386 4720 445 4785 aut
458 4714 618 4785 familiam
631 4720 778 4789 nostum
795 4715 973 4804 specialiter
991 4714 1210 4804 tangentibus
1255 4714 1304 4792 Et,
1322 4716 1366 4784 ds
1385 4715 1535 4785 omnibus
1554 4716 1652 4785 rebus
1671 4716 1759 4785 inim
