4009 5434
1527 651 1568 718 19

239 962 407 1032 Noveritis
419 985 473 1030 me
485 961 644 1029 remisisse
656 961 815 1028 relaxasse
827 967 861 1028 et
871 960 1003 1028 omnino
1013 981 1072 1048 pro
1081 965 1178 1028 meet
1191 959 1363 1030 heredibus
1372 962 1454 1030 meis
1463 963 1611 1050 quietum

240 1101 392 1169 domme
413 1101 544 1168 domino
570 1099 773 1166 Immsnoro
792 1098 834 1165 ds
855 1097 1067 1166 Bnessooss
1089 1103 1124 1165 et
1143 1097 1367 1166 Enmssursrs
1381 1102 1475 1167 uxori
1492 1099 1565 1188 ejus
1577 1106 1612 1169 ot

240 1237 412 1306 heredibus
433 1239 474 1304 de
492 1236 676 1324 eos-poribus
696 1237 782 1304 inter
796 1257 849 1302 eos
863 1235 1010 1324 legitime
1030 1235 1203 1323 procreetis
1215 1241 1322 1303 tetum
1335 1235 1438 1325 juset
1452 1238 1611 1306 olsmem

239 1375 326 1462 quod
347 1373 449 1442 hebui
469 1375 505 1440 in
527 1373 679 1440 maneriis
700 1374 741 1440 de
763 1371 929 1440 Ososson
952 1371 1144 1440 Lsnnsm
1164 1377 1199 1439 et
1222 1373 1498 1442 mammon
1522 1380 1557 1442 et
1575 1375 1612 1443 in

240 1511 389 1580 ommbns
414 1511 509 1578 terris
533 1509 708 1578 arabilibus
727 1509 829 1598 protis
849 1509 975 1598 posouis
997 1510 1139 1598 pasturis
1163 1511 1262 1578 moris
1286 1509 1388 1578 boseis
1408 1510 1492 1578 boiis
1512 1513 1612 1580 vestis

238 1649 433 1717 molendinis
446 1653 515 1716 tom
529 1647 722 1716 molendinis
738 1646 828 1716 blodi
847 1669 943 1734 quom
959 1646 1154 1715 molendinis
1171 1647 1334 1715 fulloniois
1351 1649 1445 1715 dietis
1458 1649 1611 1718 maneriis

239 1809 311 1854 oum
331 1785 483 1853 omnibus
499 1785 703 1872 pertinentiis
724 1806 787 1871 qne
808 1783 909 1852 hebui
930 1807 972 1851 ex
992 1785 1080 1852 dono
1100 1787 1134 1851 et
1155 1784 1364 1853 ieoffomento
1386 1785 1465 1852 dieti
1486 1787 1611 1855 domini

238 1921 445 1991 Lounsron.
475 1921 522 1988 Et
536 1923 564 1989 si
578 1923 627 1989 ito
639 1922 807 2010 eontingot
822 1921 909 2008 quod
922 1921 1059 2010 predioti
1073 1919 1329 2011 [Imonnuosus]
1343 1927 1377 1990 et
1387 1923 1612 1993 Eumenous

238 2059 378 2129 obierint
403 2059 473 2127 sine
498 2057 669 2127 heredibus
694 2058 780 2127 inter
800 2081 855 2126 eos
874 2058 1022 2146 legitime
1042 2059 1217 2147 prooreotis
1236 2064 1316 2126 tuno
1337 2061 1446 2128 omnio
1466 2063 1611 2149 prediots

237 2197 384 2266 monerio
396 2201 499 2264 terres
513 2203 545 2264 et
559 2201 745 2264 tenemento
765 2219 838 2263 oiim
857 2196 1007 2264 omnibus
1021 2196 1088 2262 onis
1101 2196 1308 2282 pertinenoiis
1321 2203 1510 2266 remoneont
1523 2200 1610 2267 dioto

237 2335 370 2403 domino
387 2333 590 2401 Liuorsmo
611 2333 782 2402 heredibus
796 2337 829 2400 et
843 2333 1016 2421 assignetis
1029 2333 1096 2400 suis
1108 2333 1357 2422 imperpetuum
1401 2333 1458 2402 Ito
1472 2338 1560 2423 quod
1571 2342 1612 2406 nt

238 2493 299 2560 ego
320 2471 428 2538 dietus
449 2469 593 2538 Tuosne
614 2469 697 2537 Hrs
718 2492 778 2538 neo
792 2469 925 2536 heredes
946 2468 1011 2536 mei
1032 2492 1093 2536 neo
1113 2470 1230 2557 aliquis
1243 2471 1328 2537 olins
1340 2473 1474 2540 nomine
1487 2496 1561 2542 meo
1574 2474 1611 2542 in

237 2608 389 2677 omnibns
413 2609 564 2698 prodistis
593 2607 743 2675 moneriis
771 2609 813 2675 de
838 2606 1007 2676 Orouion
1027 2605 1197 2674 honori
1218 2612 1252 2676 et
1273 2607 1549 2678 mommsen
1574 2611 1611 2680 in

237 2745 388 2814 ommbns
401 2747 496 2813 terrio
509 2751 578 2812 tom
592 2743 686 2812 terrio
700 2742 874 2812 orsbilibus
891 2744 993 2834 protis
1007 2748 1133 2832 posonio
1145 2745 1286 2833 pasturis
1298 2745 1398 2814 moris
1410 2745 1514 2815 bosois
1526 2747 1612 2817 boiis

238 2883 338 2952 vestis
351 2883 545 2950 molendinis
559 2882 648 2950 blodi
661 2903 759 2970 quom
769 2881 965 2950 molendinis
978 2881 1143 2949 iulloniois
1154 2904 1229 2949 eum
1240 2881 1389 2951 omuibus
1402 2884 1611 2971 pertinenoiis

239 3021 334 3088 dietis
353 3021 506 3087 maneriis
527 3018 744 3107 speetontibus
769 3019 810 3088 de
834 3023 940 3086 oetero
964 3018 1095 3107 exigere
1120 3018 1172 3086 vel
1197 3018 1334 3087 olomsre
1362 3021 1542 3109 poterimus
1560 3025 1610 3090 set

239 3157 372 3225 omniuo
390 3157 591 3246 presentibus
612 3177 722 3224 sumus
741 3155 870 3224 exolusi.
916 3155 960 3222 In
974 3155 1069 3245 eujus
1082 3157 1130 3223 rei
1143 3157 1366 3225 testimonium
1379 3158 1455 3225 hoio
1467 3158 1611 3246 presenti

238 3294 347 3382 quiete
357 3295 542 3362 olomstioni
555 3293 700 3382 sigillum
713 3314 823 3361 meum
837 3293 980 3382 opposui.
1021 3292 1100 3361 Hiis
1114 3293 1250 3363 testibus
1264 3294 1289 3362 J
1289 3316 1431 3362 orionus
1445 3295 1610 3364 Nonnsrs

237 3431 343 3500 milite
383 3431 511 3498 Tironi
542 3430 788 3498 Tonsuuvnns
825 3429 1029 3498 hononore
1060 3430 1224 3498 Noersrs
1263 3431 1288 3499 J
1287 3453 1430 3500 ossium
1467 3432 1610 3503 Domo

236 3567 403 3636 lomus
425 3567 591 3636 Rosnson
612 3571 644 3636 et
666 3567 778 3634 multis
799 3567 880 3635 oliis.
940 3567 1031 3635 Doto
1058 3569 1146 3656 opud
1168 3618 1375 3638 .......
1397 3569 1452 3637 die
1473 3568 1608 3640 Ssbbsti

235 3707 384 3794 proximo
416 3709 492 3773 onte
516 3705 638 3773 festum
662 3703 774 3773 Sonoti
798 3704 890 3773 Petri
918 3705 1005 3791 quod
1034 3705 1154 3772 dieitur
1181 3707 1224 3773 od
1248 3705 1378 3772 vinoulo
1402 3729 1489 3774 enno
1513 3707 1608 3793 regni

236 3843 339 3934 Regis
360 3843 532 3910 Enwsonr
552 3843 644 3911 tereii
664 3847 737 3932 post
758 3847 968 3929 eonquestum
989 3841 1115 3931 Anglie
1133 3843 1379 3930 quedrsgesimo
1396 3849 1496 3911 sexto.

277 4004 354 4074 sed
372 4004 483 4093 (green
496 4005 582 4090 wax)
604 4027 626 4072 o
638 4003 712 4072 eoin
726 4005 763 4073 oi
780 4003 837 4073 the
850 4005 961 4072 reolm.
1006 4003 1395 4073 Endorsed-Relsxooio
1415 4006 1544 4074 tellioto
1564 4007 1606 4075 de

233 4141 511 4211 Hammon
528 4139 696 4209 Lsssrsr
709 4145 743 4211 et
756 4141 956 4210 Oscenses.
1001 4139 1096 4209 Deed
1115 4141 1191 4229 poll.
