4009 5434
1502 700 1544 767 81

218 1005 1593 1101 Bommumouriumetsdpurtesomtnetndversmseverendnmpetmm
1675 984 1680 993 .

214 1146 385 1215 domnum
415 1144 613 1213 ionium
643 1144 827 1233 epieoopmn
856 1144 1120 1215 Lunensem
1152 1172 1194 1217 ex
1221 1151 1355 1217 nivem
1382 1151 1594 1239 principalem

217 1284 314 1351 etium
327 1284 365 1351 in
379 1282 545 1351 untediots
558 1282 651 1353 nobis
664 1282 752 1351 tinto
768 1287 803 1351 et
820 1289 1003 1371 presentato
1022 1286 1244 1355 summissione
1263 1312 1304 1356 ex
1323 1290 1456 1356 sdvmso
1474 1290 1594 1377 prinoi-

214 1422 332 1510 ‘puiitss
351 1422 559 1491 nominatum
578 1444 752 1509 omnesque
770 1420 852 1489 elios
869 1426 902 1491 st
918 1422 1066 1511 singulos
1084 1447 1222 1512 quorum
1240 1426 1375 1493 interest
1387 1426 1440 1495 vel
1459 1428 1517 1514 qui
1536 1450 1595 1495 eus

217 1559 404 1647 putamini
425 1559 578 1627 interesse
601 1564 670 1627 tem
692 1558 893 1647 eonjuuotim
914 1582 1014 1647 quum
1037 1560 1167 1629 divium
1186 1562 1283 1651 juxto
1305 1562 1374 1630 vim
1396 1564 1536 1632 fonnem
1560 1568 1595 1632 et

219 1701 363 1766 tenorem
376 1696 609 1765 oommissionis
621 1700 859 1784 presumens
871 1696 966 1766 nobis
977 1702 1019 1765 ut
1031 1700 1231 1786 psemittitur
1241 1704 1424 1787 presentato
1436 1700 1474 1767 in
1490 1701 1597 1769 iorme

220 1834 311 1903 soliis
326 1840 360 1903 et
373 1840 527 1902 oonsnetn
540 1835 709 1905 desumere
722 1839 757 1903 et
770 1836 940 1904 museum-e
955 1836 1175 1925 dignoremur.

261 1998 331 2065 Nos
343 1996 449 2086 igitur
462 1995 636 2065 Nsoounus
649 1996 778 2063 auditor
787 1996 932 2084 prefatus
942 1998 1146 2065 attendentes
1153 1997 1397 2086 requisitionem
1405 1999 1596 2088 hujusmodi

219 2134 287 2204 sose
300 2136 425 2224 justum
436 2138 470 2201 et
481 2154 652 2201 ooueonem
666 2134 784 2201 rationi
798 2133 1004 2222 volentesque
1018 2134 1054 2202 in
1067 2158 1162 2203 onnes
1172 2140 1206 2203 et
1217 2136 1319 2202 oensis
1331 2135 1521 2225 hujusmodi
1534 2136 1597 2205 rite

221 2277 253 2340 et
264 2272 428 2361 legittime
442 2272 612 2359 prooedere
627 2293 664 2338 so
677 2267 823 2357 pnru'bue
836 2269 914 2359 ipsis
929 2272 1028 2339 dente
1042 2272 1173 2341 domino
1186 2273 1349 2363 justitium
1361 2274 1545 2343 ministrare
1558 2278 1597 2343 ut

220 2416 379 2479 tenemur.
423 2408 549 2476 Idoiroo
566 2429 623 2475 vos
640 2428 751 2475 omnes
770 2412 804 2475 et
823 2406 968 2497 singulos
987 2408 1185 2497 suprodiotos
1202 2416 1236 2478 et
1257 2414 1399 2479 vestrum
1420 2410 1598 2499 qnsmhiset

219 2547 256 2614 in
268 2546 411 2615 solidum
425 2544 626 2633 eonjunotim
639 2546 693 2613 vel
710 2544 840 2613 divisim
857 2545 1048 2649 auctoritate
1065 2546 1238 2634 apostolius
1256 2545 1350 2615 nobis
1366 2546 1403 2613 in
1423 2546 1484 2615 huo
1504 2552 1597 2635 perte

223 2684 389 2751 summisso
417 2682 523 2769 primo
551 2682 690 2749 monudo
718 2682 815 2751 tertio
843 2686 878 2751 et
904 2683 1118 2771 peremptorie
1143 2682 1339 2770 requisimus
1367 2686 1401 2751 et
1427 2704 1597 2751 monemus

220 2819 375 2908 vobisque
402 2818 524 2887 nichilo
547 2818 656 2887 mium
679 2822 712 2887 et
739 2822 882 2887 vaenum
912 2818 1045 2887 euntes
1064 2819 1102 2887 in
1124 2821 1263 2888 solidum
1286 2820 1322 2887 in
1345 2820 1466 2904 virtute
1489 2825 1597 2889 nnete

223 2956 403 3025 obedientie
417 2960 451 3023 et
465 2954 525 3024 snb
539 2956 877 3025 excommunicationis
889 2977 975 3045 penu
989 2978 1087 3043 quem
1101 2958 1137 3023 in
1147 2980 1205 3025 vos
1218 2961 1252 3024 et
1264 2962 1408 3025 vestrum
1422 2956 1599 3044 quemlibet

224 3096 375 3165 onnonion
398 3094 580 3162 mouioione
604 3091 757 3181 premisse
780 3092 918 3161 feoimm
945 3092 981 3160 iu
1009 3092 1073 3161 hiis
1098 3094 1224 3181 seriptis
1250 3094 1316 3161 nisi
1342 3093 1484 3161 feeeritis
1511 3094 1598 3180 quod

217 3236 415 3304 mundanus
450 3231 594 3299 distmoto
628 3229 832 3319 preoipieudo
864 3232 1057 3299 mundantes
1085 3204 1239 3318 quatinus
1269 3230 1357 3298 inire
1388 3254 1445 3299 sex
1472 3229 1600 3298 dierum

225 3372 366 3460 spatium
384 3373 459 3457 post
476 3366 747 3456 presentationem
767 3389 824 3434 seu
843 3366 1095 3435 notitioetiouem
1113 3368 1312 3455 presentium
1329 3366 1421 3435 vobis
1437 3366 1489 3435 vel
1506 3366 1600 3434 elteri

225 3512 367 3576 vestrum
388 3504 513 3573 feotum
531 3502 718 3572 immediate
734 3503 938 3592 sequentium
953 3526 1091 3593 quorum
1108 3528 1164 3573 sex
1178 3504 1305 3573 dierum
1318 3506 1400 3573 duos
1417 3527 1477 3593 pro
1495 3504 1601 3592 primo

227 3646 306 3713 dnos
318 3666 379 3733 pro
400 3644 539 3711 seeundo
559 3646 593 3711 et
611 3642 750 3729 reliquos
770 3642 851 3709 duos
869 3641 938 3709 dies
954 3662 1015 3729 pro
1027 3641 1124 3709 tertio
1137 3646 1172 3709 et
1185 3642 1397 3730 peremptonie
1410 3641 1550 3709 termino
1563 3640 1604 3709 so

225 3783 405 3851 monioione
419 3780 572 3849 oeuonioo
585 3779 676 3848 vobis
688 3778 846 3847 universis
860 3784 894 3846 et
907 3777 1045 3867 siugulis
1059 3780 1260 3869 assignanum
1273 3780 1321 3847 ito
1334 3784 1445 3847 tumen
1459 3779 1546 3867 quod
1563 3778 1601 3847 in

226 3919 289 3989 hiis
310 3918 508 4006 exequendis
530 3918 614 3986 ulter
635 3918 773 3985 ultorum
796 3938 862 3984 non
885 3921 1033 4005 expeotet
1055 3917 1119 3985 uisi
1141 3940 1226 3984 unus
1247 3940 1307 4005 pro
1329 3916 1395 3984 ulio
1417 3940 1450 3985 se
1473 3921 1603 3985 exouset

227 4056 391 4147 prefatum
420 4057 631 4124 reverendum
658 4059 784 4143 petrem
817 4054 986 4122 dominum
1020 4054 1216 4123 Joussusu
1246 4056 1430 4143 episeopum
1462 4053 1602 4122 Lenos·

228 4214 365 4262 vussuu
386 4214 428 4261 ex
448 4193 580 4260 udveuso
599 4190 809 4279 prinoipuiem
828 4210 1003 4278 omnesque
1020 4190 1101 4259 elios
1114 4196 1148 4258 et
1162 4192 1306 4281 singulos
1319 4214 1461 4291 quorum
1470 4192 1605 4259 interest

228 4330 279 4398 vel
301 4330 359 4419 qui
381 4352 440 4397 sine
460 4328 647 4416 putaverint
665 4328 817 4397 interesse
837 4332 906 4395 tem
924 4327 1125 4417 eonjunotim
1145 4350 1242 4414 quom
1257 4328 1386 4396 divisim
1405 4329 1442 4396 in
1461 4328 1605 4416 ipsorum

229 4468 367 4557 propriis
384 4466 528 4555 personis
542 4468 570 4533 si
586 4466 730 4555 ipsomm
748 4466 927 4554 pmsenoiee
941 4466 1106 4534 oommode
1119 4465 1237 4534 hebere
1250 4466 1396 4552 poteritis
1410 4464 1555 4552 nlioqmn
1568 4464 1605 4531 in

229 4604 378 4693 hospioiis
391 4602 633 4672 hebiteeionum
647 4626 778 4684 summm
792 4604 820 4671 si
833 4604 877 4673 ed
890 4624 929 4672 es
942 4606 1035 4672 uem
1050 4607 1162 4691 putent
1175 4624 1316 4671 eooeseus
1329 4606 1363 4669 et
1379 4601 1415 4669 iu
1429 4599 1606 4669 oethedmli
