4009 5434
386 615 449 682 118

338 936 490 1000 rosatum
515 929 667 998 Gonnos
692 930 728 999 in
753 930 959 1019 longitndine
981 931 1068 999 inter
1089 935 1210 1000 terram
1229 931 1348 999 stm
1371 931 1538 1000 Marnsw
1559 956 1601 1001 ex
1622 939 1717 1023 parte

339 1070 489 1138 orientali
503 1074 537 1138 st
550 1074 670 1137 terram
684 1070 764 1137 dieti
778 1068 896 1136 Davm
911 1092 952 1135 ax
966 1073 1059 1158 parte
1074 1069 1264 1137 oooideutali
1277 1070 1313 1138 in
1327 1069 1502 1137 latitudine
1517 1092 1593 1139 sero
1603 1070 1715 1159 jaoant

338 1208 425 1277 inter
453 1212 573 1275 terram
597 1206 773 1277 Jorrsums
799 1208 840 1275 de
865 1206 1021 1275 Sursum
1046 1230 1087 1274 ex
1111 1212 1204 1295 parte
1227 1206 1344 1275 boriali
1369 1212 1403 1275 et
1430 1211 1551 1276 terram
1577 1210 1714 1299 predioti

338 1345 457 1412 Davus
472 1368 513 1413 ex
527 1348 619 1432 parte
633 1344 777 1411 australi.
822 1343 936 1411 Tereia
951 1366 1026 1411 vero
1040 1367 1115 1411 sora
1132 1348 1218 1412 terre
1234 1344 1322 1432 jaoet
1343 1346 1432 1434 apud
1453 1345 1709 1416 Rsnsscrrnson

338 1484 375 1551 in
388 1482 595 1571 longitudine
616 1481 703 1549 inter
723 1488 843 1591 terram
865 1482 1065 1552 Wsunnmrr
1087 1482 1234 1553 Wrnoorr
1256 1505 1297 1549 ex
1312 1487 1411 1571 ‘parte
1431 1482 1548 1551 boriali
1570 1490 1604 1552 et
1625 1485 1713 1554 viam

339 1644 402 1709 que
417 1621 506 1688 duoit
526 1642 636 1687 rereus
657 1619 815 1687 Pnuoorn
837 1644 878 1687 ox
899 1626 992 1708 parte
1014 1621 1148 1688 australi
1169 1621 1205 1687 in
1226 1620 1401 1687 latitudine
1422 1643 1498 1688 rero
1519 1622 1606 1709 jeoet
1626 1622 1713 1691 inter

336 1764 457 1827 terram
471 1756 662 1828 Wmnnnsn
677 1754 795 1825 Inorn
810 1761 957 1846 exparte
972 1758 1122 1825 orientali
1143 1761 1177 1825 et
1197 1762 1318 1825 terram
1341 1758 1426 1826 dioto
1448 1758 1647 1829 warram«
1669 1784 1711 1829 ex

337 1902 430 1986 parte
444 1896 643 1963 oooidantali.
689 1895 838 1963 Prediote
853 1895 1001 2005 «laesere
1015 1896 1101 1982 prati
1114 1894 1225 1983 jaoent
1239 1895 1327 1983 apud
1341 1894 1492 1963 stnrrs
1506 1896 1662 1965 Vsum
1675 1899 1712 1965 in

336 2036 543 2123 longitudine
568 2035 655 2101 inter
684 2056 887 2101 eommunem
915 2035 956 2100 de
986 2032 1134 2099 cmm
1163 2056 1205 2100 ex
1233 2039 1325 2121 parte
1354 2035 1488 2120 australi
1519 2040 1552 2101 et
1581 2041 1712 2123 pratum

336 2174 527 2245 Wrnnnnm
543 2171 684 2239 (inrum
699 2196 740 2238 ex
753 2175 846 2259 parte
867 2171 982 2238 boriali
1003 2171 1040 2237 in
1061 2170 1236 2238 latitudine
1258 2194 1333 2238 rero
1350 2170 1462 2258 jaoent
1482 2172 1570 2239 inter
1591 2180 1712 2241 terrem

335 2313 481 2380 nativam
497 2311 520 2379 J
520 2334 569 2379 ax
584 2310 715 2377 Haaar
729 2334 770 2376 ex
785 2314 876 2398 parte
897 2310 1047 2376 orientali
1068 2316 1102 2378 et
1123 2314 1243 2377 terram
1264 2312 1429 2397 quondam
1450 2310 1522 2379 Jarr
1545 2309 1648 2377 Davr
1669 2333 1712 2379 ex

334 2454 426 2538 parte
441 2448 631 2516 oeoidantali
645 2448 771 2536 prefato
786 2446 982 2515 Wrnnsnrso
996 2447 1169 2514 heredibus
1179 2453 1211 2514 et
1222 2448 1395 2537 assignatis
1405 2449 1479 2515 suis.
1507 2447 1710 2538 Habendum

334 2590 367 2655 et
382 2588 560 2654 tenendum
574 2587 698 2653 dietum
712 2584 930 2671 messuagium
946 2607 1020 2650 oum
1037 2584 1123 2651 dieto
1145 2590 1215 2651 orto
1237 2584 1404 2672 adjsoente
1424 2590 1491 2653 tres
1512 2609 1602 2652 seras
1623 2590 1707 2653 terre

335 2725 465 2795 arabilis
476 2731 509 2793 et
520 2726 601 2791 duas
612 2746 701 2790 soree
710 2723 796 2810 prati
811 2744 884 2788 oum
899 2722 1105 2809 pertinenoiis
1116 2722 1182 2789 suis
1192 2722 1319 2809 prefato
1330 2719 1526 2788 annno
1537 2721 1708 2789 heredibus

333 2868 368 2931 et
392 2862 564 2950 assignatis
592 2862 658 2927 suis
686 2861 925 2949 imperpetuum
955 2861 1001 2941 de
1026 2859 1217 2947 ospitalibus
1247 2860 1387 2926 dominis
1415 2860 1504 2926 feodi
1532 2861 1622 2927 illins
1649 2882 1708 2949 per

332 3001 479 3069 redditus
494 3004 526 3066 ot
541 2998 673 3066 servieia
686 2998 763 3065 inde
777 2998 868 3086 prius
882 2998 992 3065 debito
1007 3003 1040 3065 et
1055 3000 1096 3065 de
1109 2999 1183 3085 jure
1203 3003 1363 3065 oonsuets
1409 2996 1590 3066 Reddenda
1605 2999 1706 3065 eciam

254 3143 258 3151 ’
332 3139 476 3228 predicto
505 3137 664 3205 Jonsnru
694 3136 899 3203 &arnume
925 3136 1024 3202 militi
1049 3134 1221 3202 heredibus
1244 3140 1277 3203 et
1300 3135 1472 3224 magnatis
1497 3137 1563 3202 suis
1587 3136 1705 3224 imper·

331 3280 468 3365 potuum
482 3274 653 3341 annuatim
667 3278 807 3361 quatuor
817 3272 935 3340 solidos
945 3272 1176 3359 sterlingorum
1190 3274 1233 3339 ad
1247 3272 1369 3339 festum
1383 3272 1494 3341 Sanoti
1509 3273 1707 3341 Mrcnasras

331 3436 391 3503 pro
414 3413 503 3479 omni
524 3412 665 3479 servioio.
710 3410 758 3476 Et
779 3410 916 3477 ulterius
937 3409 1100 3497 prediatus
1125 3409 1341 3478 Wrnnnnrros
1364 3408 1569 3477 Launnsron
1592 3434 1651 3497 pro
1672 3433 1705 3478 se

330 3549 503 3617 heredibus
525 3554 558 3616 et
579 3549 751 3637 assignatis
769 3548 835 3613 suis
849 3548 921 3613 vult
935 3552 969 3614 et
983 3548 1129 3613 ooneedit
1142 3570 1201 3635 per
1214 3552 1377 3634 presentes
1392 3548 1521 3634 quodsi
1535 3548 1705 3637 eontingat

330 3687 433 3756 diotos
448 3692 586 3775 quatuor
600 3687 719 3755 solidos
733 3689 838 3752 aratro
853 3685 922 3753 iore
936 3685 971 3751 in
986 3689 1078 3772 parte
1094 3686 1145 3751 vel
1159 3684 1195 3751 in
1210 3689 1279 3752 toto
1292 3707 1351 3773 per
1367 3708 1468 3751 unam
1490 3686 1703 3772 septimanam

328 3830 403 3915 post
417 3827 540 3893 dietum
555 3825 675 3893 festum
689 3822 801 3891 Sunoti
815 3822 1012 3890 Mromnrs
1026 3828 1147 3890 extuno
1159 3822 1242 3890 bene
1260 3822 1357 3890 lioest
1377 3822 1521 3910 predioto
1543 3822 1567 3891 J
1568 3845 1701 3890 orsam

329 3962 501 4031 heredibus
529 3970 563 4030 et
591 3961 764 4052 assignatis
792 3961 859 4029 auis
886 3962 922 4027 in
949 3961 1036 4029 dioto
1061 3962 1242 4049 messuagio
1267 3961 1362 4028 terris
1389 3961 1457 4029 sire
1481 3962 1584 4050 pratis
1608 3965 1642 4028 et
1667 3959 1701 4026 in

331 4098 475 4187 qualibet
489 4100 629 4187 paroelln
642 4099 817 4166 eorundem
831 4121 890 4187 pro
905 4102 975 4165 ooto
990 4099 1101 4166 solidis
1115 4100 1310 4187 distringere
1329 4103 1362 4165 et
1376 4097 1591 4167 distriotioues
1604 4118 1702 4187 penes

330 4260 365 4305 se
378 4236 517 4303 retinere
539 4236 639 4304 donee
660 4235 722 4305 sibi
743 4237 784 4304 de
803 4237 955 4326 prediotie
970 4242 1041 4305 ooto
1056 4238 1167 4305 solidis
1180 4236 1325 4325 plenarie
1338 4236 1439 4304 fuerit
1452 4235 1654 4303 mtisiootum
1668 4238 1701 4301 et

330 4374 376 4442 sio
404 4374 554 4461 deinoeps
582 4374 623 4441 de
648 4395 734 4441 anno
759 4373 795 4441 in
821 4397 944 4441 annum
967 4375 1255 4463 qnooiensoumque
1277 4375 1358 4441 dieti
1382 4377 1521 4461 quotuor
1545 4371 1640 4439 solidi
1665 4369 1702 4438 in

329 4512 440 4601 miquo
470 4514 552 4579 festo
586 4511 698 4581 Sanoti
733 4512 930 4580 Mronsnnrs
965 4516 1072 4581 aratro
1107 4513 1177 4581 fore
1212 4511 1419 4601 eontigerint.
1463 4509 1512 4578 Et
1540 4507 1703 4596 prodiotus
