4009 5434
3091 30 3220 96 303

560 344 874 412 comitatu
909 341 1343 411 (immonem-1
1379 365 1725 432 generosus
1758 343 2033 410 salutem
2065 343 2137 409 in
2173 344 2436 411 domino
2475 342 2949 431 sempiternam.
3052 341 3306 409 Nover-

557 482 675 550 itis
713 505 820 550 me
861 481 1189 569 prefatum
1232 481 1689 551 anmmtm
1730 503 1815 569 ap
1857 479 1904 548 J
1906 502 2148 547 ANKYN
2198 481 2512 549 remisisse
2559 481 2876 548 relaxasse
2925 484 2993 548 et
3041 479 3307 547 omnino

556 641 681 708 pro
734 643 842 688 me
898 625 967 687 et
1018 618 1365 688 heredibus
1418 619 1581 686 meis
1635 619 1708 685 in
1764 624 2150 707 perpetuum
2207 619 2803 706 quietumclamasse
2851 617 3171 684 ano
3222 639 3308 706 ap

554 757 853 826 <Imm
904 779 1113 843 nuper
1162 757 1245 824 de
1294 755 1749 828 mnam-oc
1788 756 1860 823 in
1904 757 2078 824 dicto
2121 757 2431 823 comitatu
2473 777 2781 845 generoso
2821 755 3012 822 fi-atri
3052 728 3198 823 meo
3240 759 3308 823 et

560 893 905 962 heredibus
953 893 1035 959 de
1082 915 1342 981 corpore
1387 916 1503 961 suo
1547 893 1839 979 legitime
1885 893 2231 982 procreatis
2276 894 2409 961 sive
2464 893 2873 981 procreandis
2928 897 3141 960 totum
3196 891 3308 980 jus

557 1053 781 1098 meum
851 1031 1121 1097 titulum
1188 1031 1505 1098 olameum
1570 1031 1874 1098 interesse
1932 1032 2066 1098 sive
2123 1032 2518 1104 domandum
2576 1053 2700 1118 que
2756 1053 3049 1118 unquam
3104 1029 3307 1097 habui

559 1167 767 1237 habeo
812 1191 926 1236 seu
970 1168 1388 1256 quovismodo
1433 1168 1505 1234 in
1551 1168 1850 1236 futurum
1898 1168 2135 1236 habere
2178 1172 2401 1256 potero
2447 1168 2553 1235 vel
2597 1168 2861 1236 heredes
2898 1167 3030 1235 mei
3069 1166 3306 1235 habere

557 1305 844 1393 potes-int
892 1307 973 1372 de
1020 1308 1136 1371 aut
1184 1305 1257 1371 in
1303 1303 1554 1372 duobus
1609 1306 1993 1373 tenementis
2050 1309 2218 1374 terre
2263 1305 2524 1374 arabilis
2566 1307 2740 1394 prati
2781 1306 3003 1394 pascui
3045 1309 3306 1392 passum

553 1441 731 1510 bosci
781 1441 1073 1510 subbosci
1123 1448 1191 1510 et
1237 1443 1406 1509 vasti
1454 1442 1818 1530 jacentibus
1865 1443 1938 1509 in
1988 1444 2290 1531 parochia
2338 1444 2420 1511 de
2470 1443 2751 1529 Seynoto
2801 1442 3056 1510 Inruro
3105 1463 3305 1529 prope

555 1579 815 1648 Num
872 1581 945 1647 in
1003 1582 1176 1648 dicto
1233 1580 1545 1673 comitatu
1615 1603 1823 1668 nuper
1893 1580 1964 1646 in
2036 1586 2269 1649 tenura
2335 1581 2382 1649 J
2383 1603 2687 1648 ommms
2757 1603 2842 1669 ap
2913 1579 2960 1648 J
2962 1602 3149 1647 svm
3218 1600 3303 1668 ap

554 1718 865 1786 Monens
902 1724 970 1786 et
1001 1718 1338 1786 Iussus
1378 1716 1599 1786 uxoris
1636 1716 1873 1784 Davm
1912 1716 2076 1784 Dor
2113 1740 2229 1805 per
2265 1722 2471 1785 metas
2509 1722 2576 1786 et
2610 1717 2865 1786 bundas
2906 1717 2990 1785 ab
3032 1716 3304 1805 antiquo

551 1861 842 1944 tempore
883 1856 1173 1924 usitatas.
1263 1855 1358 1924 Et
1398 1877 1515 1943 pro
1558 1855 1817 1924 defectu
1857 1855 2169 1924 heredum
2218 1856 2300 1922 de
2346 1877 2604 1942 corpore
2649 1855 2809 1922 dicti
2857 1853 3165 1922 me
3214 1876 3301 1943 ap

545 1992 605 2062 J
605 2015 845 2061 mn·
896 1993 1187 2082 legitime
1233 1998 1706 2082 prom-eatomm
1727 1993 1884 2061 'sive
1933 1994 2470 2082 procreandorum
2520 1993 2667 2060 volo
2724 1993 2899 2080 quod
2947 1993 3122 2059 dicta
3169 1993 3303 2060 duo

549 2136 925 2198 tenementa
968 2136 1347 2198 remaneant
1391 2135 1458 2199 et
1501 2135 1905 2199 revertantur
1955 2155 2104 2199 cum
2153 2130 2453 2199 omnibus
2501 2131 2634 2198 suis
2681 2128 3093 2217 pertinenciis
3134 2127 3301 2196 mihi

549 2266 807 2354 prefato
854 2265 1248 2336 annmao
1299 2267 1346 2335 J
1348 2289 1591 2334 mm
1648 2267 1991 2335 heredibus
2049 2273 2117 2336 et
2171 2265 2514 2356 assignatis
2568 2267 2731 2334 meis
2785 2267 2858 2334 in
2915 2270 3299 2355 perpetuum

544 2405 909 2471 secundum
947 2404 1082 2472 vim
1116 2406 1491 2473 firmitatem
1529 2409 1598 2473 et
1634 2406 1938 2474 effectum
1976 2410 2148 2474 carte
2183 2429 2323 2474 mee
2356 2407 2510 2473 inde
2538 2405 2825 2474 oonsoote
2853 2405 2957 2493 cuj
2964 2429 3044 2472 us
3069 2405 3299 2475 datum

548 2547 654 2608 est
695 2542 767 2609 in
814 2542 921 2610 die
968 2542 1385 2610 consectionis
1430 2544 1841 2631 presentium.
1933 2544 2046 2612 Ita
2094 2545 2394 2611 videlicet
2437 2545 2611 2632 quod
2660 2567 2780 2611 neo
2835 2565 2959 2633 ego
3007 2541 3300 2630 prefatus

551 2678 988 2747 wammam
1030 2680 1077 2748 J
1077 2702 1320 2747 ANKYN
1363 2704 1483 2748 nec
1523 2682 1789 2749 heredes
1829 2682 1958 2749 mei
1997 2706 2115 2749 nec
2155 2682 2388 2769 aliquis
2425 2682 2592 2749 alius
2635 2704 2752 2768 per
2794 2704 2914 2748 nos
2950 2703 3068 2768 pro
3113 2678 3300 2746 nobis

546 2838 667 2883 seu
713 2818 975 2885 nomine
1024 2823 1242 2885 nostro
1292 2818 1543 2905 aliquid
1590 2818 1757 2907 juris
1806 2820 1985 2886 tituli
2036 2820 2263 2887 clamei
2313 2820 2615 2887 interesse
2665 2817 2798 2885 sive
2849 2818 3166 2884 demando
3216 2817 3298 2883 de

545 2959 761 3022 cetero
806 2955 1065 3043 exigere
1112 2956 1387 3023 clamare
1433 2979 1547 3024 seu
1595 2956 1932 3023 vendicare
1978 2957 2333 3044 poterimus
2372 2979 2491 3024 neo
2529 2955 2836 3024 debemus
2879 2956 2952 3021 in
2997 2954 3299 3022 futurum

545 3091 633 3159 de
661 3097 778 3158 aut
802 3092 875 3158 in
903 3092 1093 3160 dictis
1120 3092 1373 3160 duobus
1409 3094 1795 3161 tenementis
1833 3117 1981 3161 cum
2017 3095 2149 3162 suis
2181 3094 2592 3182 pertinenciis
2624 3097 2740 3161 aut
2777 3093 2850 3160 in
2884 3093 3104 3179 aliqua
3139 3091 3296 3159 inde

546 3229 827 3315 parcella
870 3229 1061 3297 aliter
1107 3253 1304 3317 quam
1348 3231 1420 3298 in
1469 3254 1620 3299 casu
1665 3231 1957 3318 superius
2000 3232 2254 3320 proviso
2301 3254 2414 3299 seu
2459 3230 2541 3298 ab
2586 3231 2766 3298 omni
2822 3230 3072 3299 actione
3125 3229 3296 3318 juris

549 3365 732 3432 tituli
759 3366 986 3433 clamei
1013 3367 1318 3434 interesse
1346 3367 1480 3436 sive
1509 3369 1825 3436 demando
1859 3367 1986 3435 nisi
2025 3368 2097 3435 in
2137 3369 2310 3435 dicto
2349 3391 2499 3436 casu
2533 3368 2824 3457 superius
2855 3367 3108 3456 proviso
3140 3368 3295 3439 indo

540 3526 769 3571 sumus
806 3505 1066 3592 penitus
1109 3505 1349 3572 exclusi
1391 3505 1464 3572 in
1504 3511 1890 3593 perpetuum
1931 3528 2048 3593 per
2089 3511 2430 3594 presentes.
2520 3505 2617 3573 Et
2652 3528 2775 3594 ego
2813 3528 2965 3572 vero
3001 3486 3295 3592 prefatus

538 3638 982 3708 Wlnmzmms
1039 3664 1124 3729 ap
1181 3641 1228 3709 J
1229 3663 1471 3708 Anium
1528 3647 1597 3709 et
1651 3641 1916 3726 heredes
1971 3644 2103 3711 mei
2158 3645 2445 3733 predicta
2501 3646 2632 3712 duo
2699 3647 3072 3712 tenemento,
3142 3665 3291 3710 oum

533 3776 821 3864 singulis
869 3777 1002 3844 suis
1045 3778 1457 3864 pertinenciis
1503 3779 1774 3866 prefatis
1823 3778 2144 3847 LLYsAno
2200 3803 2282 3868 ap
2339 3779 2386 3848 J
2387 3801 2630 3847 Anum
2688 3785 2755 3849 et
2809 3779 3153 3848 heredibus
3209 3781 3292 3847 de

533 3935 804 4002 corpore
846 3937 963 3982 suo
1003 3915 1294 4004 legitime
1335 3917 1680 4003 procreatis
1723 3918 1856 3985 sive
1896 3918 2304 4006 procreandis
2344 3917 2416 3983 in
2458 3917 2671 3985 forma
2715 3907 3024 4006 premissa
3068 3922 3292 3987 contra
