<?xml version="1.0" encoding="UTF-8"?>
<!DOCTYPE html PUBLIC "-//W3C//DTD XHTML 1.0 Transitional//EN"
    "http://www.w3.org/TR/xhtml1/DTD/xhtml1-transitional.dtd">
<html xmlns="http://www.w3.org/1999/xhtml" xml:lang="en" lang="en">
 <head>
  <title>
</title>
<meta http-equiv="Content-Type" content="text/html;charset=utf-8" />
  <meta name='ocr-system' content='tesseract 3.04.00' />
  <meta name='ocr-capabilities' content='ocr_page ocr_carea ocr_par ocr_line ocrx_word'/>
</head>
<body>
  <div class='ocr_page' id='page_1' title='image "./cartetaliamunim01abbegoog_0063.png"; bbox 0 0 4009 5434; ppageno 0'>
   <div class='ocr_carea' id='block_1_1' title="bbox 378 630 421 694">
    <p class='ocr_par' dir='ltr' id='par_1_1' title="bbox 378 630 421 694">
     <span class='ocr_line' id='line_1_1' title="bbox 378 630 421 694; baseline -0.023 0"><span class='ocrx_word' id='word_1_1' title='bbox 378 630 421 694; x_wconf 87' lang='lat'><strong>40</strong></span> 
     </span>
    </p>
   </div>
   <div class='ocr_carea' id='block_1_2' title="bbox 334 941 1721 2816">
    <p class='ocr_par' dir='ltr' id='par_1_2' title="bbox 334 941 1721 2816">
     <span class='ocr_line' id='line_1_2' title="bbox 334 941 1715 1031; baseline -0.003 -19"><span class='ocrx_word' id='word_1_2' title='bbox 334 941 589 1012; x_wconf 66' lang='lat' dir='ltr'><strong>arrasam</strong></span> <span class='ocrx_word' id='word_1_3' title='bbox 612 949 646 1010; x_wconf 92' lang='lat' dir='ltr'><strong>et</strong></span> <span class='ocrx_word' id='word_1_4' title='bbox 666 943 690 1012; x_wconf 88' lang='lat' dir='ltr'><strong>J</strong></span> <span class='ocrx_word' id='word_1_5' title='bbox 691 965 809 1011; x_wconf 71' lang='lat' dir='ltr'><strong>us&#39;rsu</strong></span> <span class='ocrx_word' id='word_1_6' title='bbox 831 949 865 1012; x_wconf 90' lang='lat' dir='ltr'><strong>et</strong></span> <span class='ocrx_word' id='word_1_7' title='bbox 887 943 976 1026; x_wconf 86' lang='lat' dir='ltr'><strong>obiit,</strong></span> <span class='ocrx_word' id='word_1_8' title='bbox 993 967 1056 1031; x_wconf 88' lang='lat' dir='ltr'><strong>que</strong></span> <span class='ocrx_word' id='word_1_9' title='bbox 1071 944 1201 1030; x_wconf 88' lang='lat' dir='ltr'><strong>quidem</strong></span> <span class='ocrx_word' id='word_1_10' title='bbox 1216 943 1440 1010; x_wconf 75' lang='lat' dir='ltr'><strong>Enrzssnrus</strong></span> <span class='ocrx_word' id='word_1_11' title='bbox 1457 942 1542 1029; x_wconf 88' lang='lat' dir='ltr'><strong>cepit</strong></span> <span class='ocrx_word' id='word_1_12' title='bbox 1555 941 1592 1006; x_wconf 92' lang='lat' dir='ltr'><strong>in</strong></span> <span class='ocrx_word' id='word_1_13' title='bbox 1606 941 1715 1008; x_wconf 86' lang='lat' dir='ltr'><strong>virum</strong></span> 
     </span>
     <span class='ocr_line' id='line_1_3' title="bbox 335 1067 1715 1166; baseline -0.004 -18"><span class='ocrx_word' id='word_1_14' title='bbox 335 1079 531 1148; x_wconf 77' lang='lat' dir='ltr'><strong>Jousuuau</strong></span> <span class='ocrx_word' id='word_1_15' title='bbox 554 1081 756 1149; x_wconf 77' lang='lat' dir='ltr'><strong>Bswnnasr</strong></span> <span class='ocrx_word' id='word_1_16' title='bbox 779 1087 813 1149; x_wconf 93' lang='lat' dir='ltr'><strong>et</strong></span> <span class='ocrx_word' id='word_1_17' title='bbox 833 1081 1020 1150; x_wconf 84' lang='lat' dir='ltr'><strong>habuerunt</strong></span> <span class='ocrx_word' id='word_1_18' title='bbox 1042 1067 1168 1148; x_wconf 82' lang='lat' dir='ltr'><strong>exitum</strong></span> <span class='ocrx_word' id='word_1_19' title='bbox 1190 1082 1278 1148; x_wconf 90' lang='lat' dir='ltr'><strong>inter</strong></span> <span class='ocrx_word' id='word_1_20' title='bbox 1298 1103 1332 1148; x_wconf 92' lang='lat' dir='ltr'><strong>se</strong></span> <span class='ocrx_word' id='word_1_21' title='bbox 1354 1081 1520 1166; x_wconf 81' lang='lat' dir='ltr'><strong>quandam</strong></span> <span class='ocrx_word' id='word_1_22' title='bbox 1538 1079 1715 1145; x_wconf 77' lang='lat' dir='ltr'><strong>Ausarsrr</strong></span> 
     </span>
     <span class='ocr_line' id='line_1_4' title="bbox 335 1215 1716 1306; baseline -0.001 -22"><span class='ocrx_word' id='word_1_23' title='bbox 335 1219 438 1286; x_wconf 85' lang='lat' dir='ltr'><strong>filiam</strong></span> <span class='ocrx_word' id='word_1_24' title='bbox 476 1225 509 1286; x_wconf 90' lang='lat' dir='ltr'><strong>et</strong></span> <span class='ocrx_word' id='word_1_25' title='bbox 544 1219 697 1286; x_wconf 89' lang='lat' dir='ltr'><strong>heredem</strong></span> <span class='ocrx_word' id='word_1_26' title='bbox 734 1225 767 1286; x_wconf 93' lang='lat' dir='ltr'><strong>et</strong></span> <span class='ocrx_word' id='word_1_27' title='bbox 804 1218 963 1298; x_wconf 87' lang='lat' dir='ltr'><strong>obierunt,</strong></span> <span class='ocrx_word' id='word_1_28' title='bbox 1003 1241 1065 1306; x_wconf 91' lang='lat' dir='ltr'><strong>que</strong></span> <span class='ocrx_word' id='word_1_29' title='bbox 1102 1219 1234 1305; x_wconf 90' lang='lat' dir='ltr'><strong>quidem</strong></span> <span class='ocrx_word' id='word_1_30' title='bbox 1269 1218 1390 1284; x_wconf 73' lang='lat' dir='ltr'><strong>Aenus</strong></span> <span class='ocrx_word' id='word_1_31' title='bbox 1422 1216 1507 1304; x_wconf 86' lang='lat' dir='ltr'><strong>sepit</strong></span> <span class='ocrx_word' id='word_1_32' title='bbox 1538 1217 1574 1282; x_wconf 92' lang='lat' dir='ltr'><strong>in</strong></span> <span class='ocrx_word' id='word_1_33' title='bbox 1607 1215 1716 1283; x_wconf 81' lang='lat' dir='ltr'><strong>virum</strong></span> 
     </span>
     <span class='ocr_line' id='line_1_5' title="bbox 334 1352 1714 1442; baseline -0.003 -21"><span class='ocrx_word' id='word_1_34' title='bbox 334 1354 532 1423; x_wconf 72' lang='lat' dir='ltr'><strong>Jousuunu</strong></span> <span class='ocrx_word' id='word_1_35' title='bbox 568 1355 720 1424; x_wconf 73' lang='lat' dir='ltr'><strong>Bassam</strong></span> <span class='ocrx_word' id='word_1_36' title='bbox 756 1362 789 1423; x_wconf 89' lang='lat' dir='ltr'><strong>et</strong></span> <span class='ocrx_word' id='word_1_37' title='bbox 822 1357 1008 1423; x_wconf 85' lang='lat' dir='ltr'><strong>habuerunt</strong></span> <span class='ocrx_word' id='word_1_38' title='bbox 1037 1357 1162 1422; x_wconf 84' lang='lat' dir='ltr'><strong>exitum</strong></span> <span class='ocrx_word' id='word_1_39' title='bbox 1198 1357 1360 1442; x_wconf 88' lang='lat' dir='ltr'><strong>quendam</strong></span> <span class='ocrx_word' id='word_1_40' title='bbox 1393 1352 1588 1421; x_wconf 70' lang='lat' dir='ltr'><strong>Jorssrrrsau</strong></span> <span class='ocrx_word' id='word_1_41' title='bbox 1617 1352 1714 1418; x_wconf 89' lang='lat' dir='ltr'><strong>modo</strong></span> 
     </span>
     <span class='ocr_line' id='line_1_6' title="bbox 335 1489 1716 1582; baseline -0.004 -22"><span class='ocrx_word' id='word_1_42' title='bbox 335 1495 433 1561; x_wconf 90' lang='lat' dir='ltr'><strong>etatis</strong></span> <span class='ocrx_word' id='word_1_43' title='bbox 462 1495 633 1560; x_wconf 83' lang='lat' dir='ltr'><strong>tresdecim</strong></span> <span class='ocrx_word' id='word_1_44' title='bbox 662 1517 822 1561; x_wconf 86' lang='lat' dir='ltr'><strong>annorum</strong></span> <span class='ocrx_word' id='word_1_45' title='bbox 853 1500 886 1561; x_wconf 91' lang='lat' dir='ltr'><strong>et</strong></span> <span class='ocrx_word' id='word_1_46' title='bbox 915 1495 1064 1582; x_wconf 85' lang='lat' dir='ltr'><strong>amplius.</strong></span> <span class='ocrx_word' id='word_1_47' title='bbox 1110 1493 1157 1563; x_wconf 80' lang='lat' dir='ltr'><strong>Et</strong></span> <span class='ocrx_word' id='word_1_48' title='bbox 1182 1489 1295 1560; x_wconf 88' lang='lat' dir='ltr'><strong>dicunt</strong></span> <span class='ocrx_word' id='word_1_49' title='bbox 1321 1492 1408 1580; x_wconf 90' lang='lat' dir='ltr'><strong>quod</strong></span> <span class='ocrx_word' id='word_1_50' title='bbox 1429 1491 1573 1579; x_wconf 81' lang='lat' dir='ltr'><strong>predicta</strong></span> <span class='ocrx_word' id='word_1_51' title='bbox 1594 1489 1716 1556; x_wconf 71' lang='lat' dir='ltr'><strong>Aarrns</strong></span> 
     </span>
     <span class='ocr_line' id='line_1_7' title="bbox 336 1627 1716 1720; baseline -0.007 -20"><span class='ocrx_word' id='word_1_52' title='bbox 336 1631 427 1700; x_wconf 90' lang='lat' dir='ltr'><strong>obiit.</strong></span> <span class='ocrx_word' id='word_1_53' title='bbox 500 1631 543 1698; x_wconf 76' lang='lat' dir='ltr'><strong>st</strong></span> <span class='ocrx_word' id='word_1_54' title='bbox 581 1633 694 1700; x_wconf 89' lang='lat' dir='ltr'><strong>dicant</strong></span> <span class='ocrx_word' id='word_1_55' title='bbox 731 1633 818 1720; x_wconf 91' lang='lat' dir='ltr'><strong>quod</strong></span> <span class='ocrx_word' id='word_1_56' title='bbox 855 1633 999 1719; x_wconf 82' lang='lat' dir='ltr'><strong>predicta</strong></span> <span class='ocrx_word' id='word_1_57' title='bbox 1034 1631 1058 1698; x_wconf 89' lang='lat' dir='ltr'><strong>J</strong></span> <span class='ocrx_word' id='word_1_58' title='bbox 1059 1653 1149 1698; x_wconf 79' lang='lat' dir='ltr'><strong>uuus</strong></span> <span class='ocrx_word' id='word_1_59' title='bbox 1186 1631 1271 1718; x_wconf 88' lang='lat' dir='ltr'><strong>cepit</strong></span> <span class='ocrx_word' id='word_1_60' title='bbox 1306 1631 1342 1697; x_wconf 88' lang='lat' dir='ltr'><strong>in</strong></span> <span class='ocrx_word' id='word_1_61' title='bbox 1378 1629 1485 1695; x_wconf 82' lang='lat' dir='ltr'><strong>virum</strong></span> <span class='ocrx_word' id='word_1_62' title='bbox 1523 1627 1716 1694; x_wconf 80' lang='lat' dir='ltr'><strong>chsnruu</strong></span> 
     </span>
     <span class='ocr_line' id='line_1_8' title="bbox 336 1756 1717 1858; baseline -0.005 -22"><span class='ocrx_word' id='word_1_63' title='bbox 336 1769 564 1836; x_wconf 76' lang='lat' dir='ltr'><strong>Uunsuuruu.</strong></span> <span class='ocrx_word' id='word_1_64' title='bbox 610 1769 657 1836; x_wconf 86' lang='lat' dir='ltr'><strong>Et</strong></span> <span class='ocrx_word' id='word_1_65' title='bbox 672 1770 785 1836; x_wconf 91' lang='lat' dir='ltr'><strong>dicunt</strong></span> <span class='ocrx_word' id='word_1_66' title='bbox 805 1771 892 1858; x_wconf 91' lang='lat' dir='ltr'><strong>quod</strong></span> <span class='ocrx_word' id='word_1_67' title='bbox 914 1769 1078 1857; x_wconf 89' lang='lat' dir='ltr'><strong>predictus</strong></span> <span class='ocrx_word' id='word_1_68' title='bbox 1101 1756 1282 1835; x_wconf 79' lang='lat' dir='ltr'><strong>Rosnsrus</strong></span> <span class='ocrx_word' id='word_1_69' title='bbox 1304 1773 1337 1834; x_wconf 88' lang='lat' dir='ltr'><strong>et</strong></span> <span class='ocrx_word' id='word_1_70' title='bbox 1358 1767 1472 1834; x_wconf 75' lang='lat' dir='ltr'><strong>Jusrs</strong></span> <span class='ocrx_word' id='word_1_71' title='bbox 1494 1767 1717 1832; x_wconf 86' lang='lat' dir='ltr'><strong>concesserunt</strong></span> 
     </span>
     <span class='ocr_line' id='line_1_9' title="bbox 339 1900 1719 1998; baseline -0.004 -25"><span class='ocrx_word' id='word_1_72' title='bbox 339 1930 398 1996; x_wconf 89' lang='lat' dir='ltr'><strong>pro</strong></span> <span class='ocrx_word' id='word_1_73' title='bbox 413 1931 447 1974; x_wconf 91' lang='lat' dir='ltr'><strong>se</strong></span> <span class='ocrx_word' id='word_1_74' title='bbox 463 1912 495 1974; x_wconf 89' lang='lat' dir='ltr'><strong>ct</strong></span> <span class='ocrx_word' id='word_1_75' title='bbox 510 1907 683 1974; x_wconf 87' lang='lat' dir='ltr'><strong>heredibus</strong></span> <span class='ocrx_word' id='word_1_76' title='bbox 695 1907 798 1998; x_wconf 89' lang='lat' dir='ltr'><strong>ipsius</strong></span> <span class='ocrx_word' id='word_1_77' title='bbox 812 1907 835 1974; x_wconf 87' lang='lat' dir='ltr'>J</span> <span class='ocrx_word' id='word_1_78' title='bbox 837 1929 925 1974; x_wconf 75' lang='lat' dir='ltr'><strong>unns</strong></span> <span class='ocrx_word' id='word_1_79' title='bbox 951 1905 1114 1996; x_wconf 78' lang='lat' dir='ltr'><strong>[Ivnrun]</strong></span> <span class='ocrx_word' id='word_1_80' title='bbox 1139 1907 1225 1992; x_wconf 88' lang='lat' dir='ltr'><strong>quod</strong></span> <span class='ocrx_word' id='word_1_81' title='bbox 1245 1906 1402 1972; x_wconf 76' lang='lat' dir='ltr'><strong>medietas</strong></span> <span class='ocrx_word' id='word_1_82' title='bbox 1423 1903 1559 1970; x_wconf 88' lang='lat' dir='ltr'><strong>manerii</strong></span> <span class='ocrx_word' id='word_1_83' title='bbox 1580 1900 1719 1989; x_wconf 87' lang='lat' dir='ltr'><strong>predicti</strong></span> 
     </span>
     <span class='ocr_line' id='line_1_10' title="bbox 339 2042 1718 2132; baseline 0 -21"><span class='ocrx_word' id='word_1_84' title='bbox 339 2067 413 2111; x_wconf 88' lang='lat' dir='ltr'><strong>eum</strong></span> <span class='ocrx_word' id='word_1_85' title='bbox 428 2046 636 2132; x_wconf 87' lang='lat' dir='ltr'><strong>pertinenciis</strong></span> <span class='ocrx_word' id='word_1_86' title='bbox 650 2067 749 2130; x_wconf 92' lang='lat' dir='ltr'><strong>quam</strong></span> <span class='ocrx_word' id='word_1_87' title='bbox 765 2044 947 2111; x_wconf 79' lang='lat' dir='ltr'><strong>Haruucus</strong></span> <span class='ocrx_word' id='word_1_88' title='bbox 959 2043 1155 2112; x_wconf 69' lang='lat' dir='ltr'><strong>Ganrrrnua</strong></span> <span class='ocrx_word' id='word_1_89' title='bbox 1165 2049 1198 2109; x_wconf 91' lang='lat' dir='ltr'><strong>et</strong></span> <span class='ocrx_word' id='word_1_90' title='bbox 1208 2044 1353 2130; x_wconf 80' lang='lat' dir='ltr'><strong>predicta</strong></span> <span class='ocrx_word' id='word_1_91' title='bbox 1363 2042 1385 2108; x_wconf 90' lang='lat' dir='ltr'><strong>J</strong></span> <span class='ocrx_word' id='word_1_92' title='bbox 1386 2064 1529 2108; x_wconf 74' lang='lat' dir='ltr'><strong>omnus</strong></span> <span class='ocrx_word' id='word_1_93' title='bbox 1541 2042 1718 2111; x_wconf 76' lang='lat' dir='ltr'><strong>tenuerunt</strong></span> 
     </span>
     <span class='ocr_line' id='line_1_11' title="bbox 340 2173 1718 2269; baseline -0.004 -21"><span class='ocrx_word' id='word_1_94' title='bbox 340 2183 383 2248; x_wconf 85' lang='lat' dir='ltr'><strong>ad</strong></span> <span class='ocrx_word' id='word_1_95' title='bbox 397 2183 574 2252; x_wconf 87' lang='lat' dir='ltr'><strong>terminum</strong></span> <span class='ocrx_word' id='word_1_96' title='bbox 590 2183 656 2248; x_wconf 85' lang='lat' dir='ltr'><strong>vite</strong></span> <span class='ocrx_word' id='word_1_97' title='bbox 671 2182 771 2269; x_wconf 86' lang='lat' dir='ltr'><strong>ipsius</strong></span> <span class='ocrx_word' id='word_1_98' title='bbox 785 2173 958 2249; x_wconf 49' lang='lat' dir='ltr'><strong>&#39;Jousursn</strong></span> <span class='ocrx_word' id='word_1_99' title='bbox 980 2183 1022 2248; x_wconf 92' lang='lat' dir='ltr'><strong>de</strong></span> <span class='ocrx_word' id='word_1_100' title='bbox 1044 2180 1221 2246; x_wconf 85' lang='lat' dir='ltr'><strong>hereditate</strong></span> <span class='ocrx_word' id='word_1_101' title='bbox 1236 2181 1378 2267; x_wconf 89' lang='lat' dir='ltr'><strong>predicte</strong></span> <span class='ocrx_word' id='word_1_102' title='bbox 1392 2179 1415 2248; x_wconf 89' lang='lat' dir='ltr'><strong>J</strong></span> <span class='ocrx_word' id='word_1_103' title='bbox 1417 2201 1504 2244; x_wconf 81' lang='lat' dir='ltr'><strong>aura</strong></span> <span class='ocrx_word' id='word_1_104' title='bbox 1519 2184 1552 2245; x_wconf 92' lang='lat' dir='ltr'><strong>et</strong></span> <span class='ocrx_word' id='word_1_105' title='bbox 1567 2200 1631 2264; x_wconf 90' lang='lat' dir='ltr'><strong>que</strong></span> <span class='ocrx_word' id='word_1_106' title='bbox 1645 2180 1718 2264; x_wconf 88' lang='lat' dir='ltr'><strong>pest</strong></span> 
     </span>
     <span class='ocr_line' id='line_1_12' title="bbox 340 2313 1720 2406; baseline -0.004 -20"><span class='ocrx_word' id='word_1_107' title='bbox 340 2327 479 2386; x_wconf 79' lang='lat' dir='ltr'><strong>mortem</strong></span> <span class='ocrx_word' id='word_1_108' title='bbox 494 2319 637 2406; x_wconf 88' lang='lat' dir='ltr'><strong>predicte</strong></span> <span class='ocrx_word' id='word_1_109' title='bbox 659 2319 825 2386; x_wconf 71' lang='lat' dir='ltr'><strong>Jousrsus</strong></span> <span class='ocrx_word' id='word_1_110' title='bbox 848 2320 891 2384; x_wconf 86' lang='lat' dir='ltr'><strong>ed</strong></span> <span class='ocrx_word' id='word_1_111' title='bbox 914 2320 1074 2406; x_wconf 89' lang='lat' dir='ltr'><strong>predictos</strong></span> <span class='ocrx_word' id='word_1_112' title='bbox 1097 2318 1291 2384; x_wconf 68' lang='lat' dir='ltr'><strong>Boanum</strong></span> <span class='ocrx_word' id='word_1_113' title='bbox 1313 2321 1346 2383; x_wconf 90' lang='lat' dir='ltr'><strong>et</strong></span> <span class='ocrx_word' id='word_1_114' title='bbox 1367 2316 1389 2383; x_wconf 84' lang='lat' dir='ltr'>J</span> <span class='ocrx_word' id='word_1_115' title='bbox 1392 2338 1509 2383; x_wconf 72' lang='lat' dir='ltr'><strong>uersu</strong></span> <span class='ocrx_word' id='word_1_116' title='bbox 1531 2320 1565 2382; x_wconf 93' lang='lat' dir='ltr'><strong>et</strong></span> <span class='ocrx_word' id='word_1_117' title='bbox 1585 2313 1720 2381; x_wconf 87' lang='lat' dir='ltr'><strong>heredes</strong></span> 
     </span>
     <span class='ocr_line' id='line_1_13' title="bbox 340 2453 1719 2544; baseline -0.004 -22"><span class='ocrx_word' id='word_1_118' title='bbox 340 2456 443 2544; x_wconf 88' lang='lat' dir='ltr'><strong>ipsius</strong></span> <span class='ocrx_word' id='word_1_119' title='bbox 456 2457 480 2524; x_wconf 89' lang='lat' dir='ltr'><strong>J</strong></span> <span class='ocrx_word' id='word_1_120' title='bbox 481 2479 569 2522; x_wconf 81' lang='lat' dir='ltr'><strong>narn</strong></span> <span class='ocrx_word' id='word_1_121' title='bbox 585 2455 705 2522; x_wconf 92' lang='lat' dir='ltr'><strong>debent</strong></span> <span class='ocrx_word' id='word_1_122' title='bbox 715 2457 833 2523; x_wconf 87' lang='lat' dir='ltr'><strong>reverti</strong></span> <span class='ocrx_word' id='word_1_123' title='bbox 844 2461 917 2543; x_wconf 88' lang='lat' dir='ltr'><strong>post</strong></span> <span class='ocrx_word' id='word_1_124' title='bbox 928 2457 1092 2522; x_wconf 88' lang='lat' dir='ltr'><strong>decessum</strong></span> <span class='ocrx_word' id='word_1_125' title='bbox 1101 2455 1202 2543; x_wconf 90' lang='lat' dir='ltr'><strong>ipsius</strong></span> <span class='ocrx_word' id='word_1_126' title='bbox 1213 2453 1236 2522; x_wconf 90' lang='lat' dir='ltr'><strong>J</strong></span> <span class='ocrx_word' id='word_1_127' title='bbox 1236 2477 1379 2521; x_wconf 74' lang='lat' dir='ltr'><strong>oman</strong></span> <span class='ocrx_word' id='word_1_128' title='bbox 1390 2454 1518 2540; x_wconf 85' lang='lat' dir='ltr'><strong>integre</strong></span> <span class='ocrx_word' id='word_1_129' title='bbox 1528 2454 1719 2518; x_wconf 71' lang='lat' dir='ltr'><strong>remaneant</strong></span> 
     </span>
     <span class='ocr_line' id='line_1_14' title="bbox 342 2588 1719 2682; baseline -0.004 -22"><span class='ocrx_word' id='word_1_130' title='bbox 342 2593 498 2660; x_wconf 77' lang='lat' dir='ltr'><strong>chsnno</strong></span> <span class='ocrx_word' id='word_1_131' title='bbox 528 2593 703 2660; x_wconf 68' lang='lat' dir='ltr'><strong>Rursusne</strong></span> <span class='ocrx_word' id='word_1_132' title='bbox 732 2595 856 2682; x_wconf 84' lang='lat' dir='ltr'><strong>juniori</strong></span> <span class='ocrx_word' id='word_1_133' title='bbox 885 2599 919 2660; x_wconf 88' lang='lat' dir='ltr'><strong>et</strong></span> <span class='ocrx_word' id='word_1_134' title='bbox 947 2593 1171 2660; x_wconf 65' lang='lat' dir='ltr'><strong>uernam</strong></span> <span class='ocrx_word' id='word_1_135' title='bbox 1200 2593 1295 2660; x_wconf 87' lang='lat' dir='ltr'><strong>uxori</strong></span> <span class='ocrx_word' id='word_1_136' title='bbox 1323 2592 1396 2677; x_wconf 84' lang='lat' dir='ltr'><strong>ejus</strong></span> <span class='ocrx_word' id='word_1_137' title='bbox 1422 2596 1456 2657; x_wconf 91' lang='lat' dir='ltr'><strong>et</strong></span> <span class='ocrx_word' id='word_1_138' title='bbox 1480 2589 1653 2656; x_wconf 75' lang='lat' dir='ltr'><strong>heredibus</strong></span> <span class='ocrx_word' id='word_1_139' title='bbox 1678 2588 1719 2654; x_wconf 88' lang='lat' dir='ltr'><strong>de</strong></span> 
     </span>
     <span class='ocr_line' id='line_1_15' title="bbox 344 2724 1721 2816; baseline -0.005 -19"><span class='ocrx_word' id='word_1_140' title='bbox 344 2729 530 2816; x_wconf 83' lang='lat' dir='ltr'><strong>corporibus</strong></span> <span class='ocrx_word' id='word_1_141' title='bbox 540 2731 684 2816; x_wconf 90' lang='lat' dir='ltr'><strong>ipsorum</strong></span> <span class='ocrx_word' id='word_1_142' title='bbox 695 2730 844 2797; x_wconf 76' lang='lat' dir='ltr'><strong>channr</strong></span> <span class='ocrx_word' id='word_1_143' title='bbox 860 2740 893 2798; x_wconf 90' lang='lat' dir='ltr'><strong>et</strong></span> <span class='ocrx_word' id='word_1_144' title='bbox 908 2730 1131 2797; x_wconf 78' lang='lat' dir='ltr'><strong>Eurzsnsrms</strong></span> <span class='ocrx_word' id='word_1_145' title='bbox 1143 2728 1335 2797; x_wconf 83' lang='lat' dir='ltr'><strong>exeuntibus</strong></span> <span class='ocrx_word' id='word_1_146' title='bbox 1349 2728 1397 2794; x_wconf 83' lang='lat' dir='ltr'><strong>Et</strong></span> <span class='ocrx_word' id='word_1_147' title='bbox 1411 2729 1439 2793; x_wconf 92' lang='lat' dir='ltr'><strong>si</strong></span> <span class='ocrx_word' id='word_1_148' title='bbox 1453 2728 1623 2813; x_wconf 88' lang='lat' dir='ltr'><strong>contingat</strong></span> <span class='ocrx_word' id='word_1_149' title='bbox 1634 2724 1721 2811; x_wconf 90' lang='lat' dir='ltr'><strong>quod</strong></span> 
     </span>
    </p>
   </div>
   <div class='ocr_carea' id='block_1_3' title="bbox 342 2861 1720 2951">
    <p class='ocr_par' dir='ltr' id='par_1_3' title="bbox 342 2861 1720 2951">
     <span class='ocr_line' id='line_1_16' title="bbox 342 2861 1720 2951; baseline -0.003 -19"><span class='ocrx_word' id='word_1_150' title='bbox 342 2867 443 2933; x_wconf 89' lang='lat' dir='ltr'><strong>iidem</strong></span> <span class='ocrx_word' id='word_1_151' title='bbox 457 2867 634 2933; x_wconf 78' lang='lat' dir='ltr'><strong>chsnnus</strong></span> <span class='ocrx_word' id='word_1_152' title='bbox 649 2871 681 2932; x_wconf 93' lang='lat' dir='ltr'><strong>et</strong></span> <span class='ocrx_word' id='word_1_153' title='bbox 697 2867 921 2934; x_wconf 76' lang='lat' dir='ltr'><strong>Earzssnrua</strong></span> <span class='ocrx_word' id='word_1_154' title='bbox 937 2867 1081 2938; x_wconf 69' lang='lat' dir='ltr'><strong>⁴obierint</strong></span> <span class='ocrx_word' id='word_1_155' title='bbox 1102 2869 1171 2933; x_wconf 87' lang='lat' dir='ltr'><strong>sine</strong></span> <span class='ocrx_word' id='word_1_156' title='bbox 1193 2864 1364 2933; x_wconf 78' lang='lat' dir='ltr'><strong>heredibus</strong></span> <span class='ocrx_word' id='word_1_157' title='bbox 1385 2867 1426 2930; x_wconf 89' lang='lat' dir='ltr'><strong>de</strong></span> <span class='ocrx_word' id='word_1_158' title='bbox 1448 2863 1634 2951; x_wconf 83' lang='lat' dir='ltr'><strong>corporibus</strong></span> <span class='ocrx_word' id='word_1_159' title='bbox 1655 2861 1720 2928; x_wconf 87' lang='lat' dir='ltr'><strong>suis</strong></span> 
     </span>
    </p>
   </div>
   <div class='ocr_carea' id='block_1_4' title="bbox 343 2973 1721 3092">
    <p class='ocr_par' dir='ltr' id='par_1_4' title="bbox 343 2973 1721 3092">
     <span class='ocr_line' id='line_1_17' title="bbox 343 2973 1721 3092; baseline -0.004 -22"><span class='ocrx_word' id='word_1_160' title='bbox 343 3003 538 3070; x_wconf 83' lang='lat' dir='ltr'><strong>exeuntibus</strong></span> <span class='ocrx_word' id='word_1_161' title='bbox 564 3009 643 3070; x_wconf 91' lang='lat' dir='ltr'><strong>tunc</strong></span> <span class='ocrx_word' id='word_1_162' title='bbox 664 3009 736 3090; x_wconf 87' lang='lat' dir='ltr'><strong>post</strong></span> <span class='ocrx_word' id='word_1_163' title='bbox 757 3005 921 3070; x_wconf 85' lang='lat' dir='ltr'><strong>decessum</strong></span> <span class='ocrx_word' id='word_1_164' title='bbox 942 3005 1085 3092; x_wconf 84' lang='lat' dir='ltr'><strong>ipsarum</strong></span> <span class='ocrx_word' id='word_1_165' title='bbox 1105 3003 1254 3070; x_wconf 73' lang='lat' dir='ltr'><strong>chsnnr</strong></span> <span class='ocrx_word' id='word_1_166' title='bbox 1274 3007 1308 3068; x_wconf 87' lang='lat' dir='ltr'><strong>et·</strong></span> <span class='ocrx_word' id='word_1_167' title='bbox 1330 2973 1554 3068; x_wconf 76' lang='lat' dir='ltr'><strong>Eurusasrun</strong></span> <span class='ocrx_word' id='word_1_168' title='bbox 1578 3000 1721 3088; x_wconf 89' lang='lat' dir='ltr'><strong>predicta</strong></span> 
     </span>
    </p>
   </div>
   <div class='ocr_carea' id='block_1_5' title="bbox 344 3135 1726 4459">
    <p class='ocr_par' dir='ltr' id='par_1_5' title="bbox 344 3135 1726 4459">
     <span class='ocr_line' id='line_1_18' title="bbox 344 3135 1720 3228; baseline -0.003 -22"><span class='ocrx_word' id='word_1_169' title='bbox 344 3141 500 3206; x_wconf 80' lang='lat' dir='ltr'><strong>medietas</strong></span> <span class='ocrx_word' id='word_1_170' title='bbox 515 3163 589 3206; x_wconf 89' lang='lat' dir='ltr'><strong>cum</strong></span> <span class='ocrx_word' id='word_1_171' title='bbox 606 3141 813 3226; x_wconf 79' lang='lat' dir='ltr'><strong>pertinenciis</strong></span> <span class='ocrx_word' id='word_1_172' title='bbox 833 3141 960 3228; x_wconf 84' lang='lat' dir='ltr'><strong>integre</strong></span> <span class='ocrx_word' id='word_1_173' title='bbox 982 3146 1171 3208; x_wconf 76' lang='lat' dir='ltr'><strong>remaneant</strong></span> <span class='ocrx_word' id='word_1_174' title='bbox 1191 3138 1363 3206; x_wconf 90' lang='lat' dir='ltr'><strong>heredibus</strong></span> <span class='ocrx_word' id='word_1_175' title='bbox 1383 3139 1486 3226; x_wconf 89' lang='lat' dir='ltr'><strong>ipsius</strong></span> <span class='ocrx_word' id='word_1_176' title='bbox 1512 3139 1659 3204; x_wconf 61' lang='lat' dir='ltr'><strong>erciam</strong></span> <span class='ocrx_word' id='word_1_177' title='bbox 1679 3135 1720 3202; x_wconf 87' lang='lat' dir='ltr'><strong>de</strong></span> 
     </span>
     <span class='ocr_line' id='line_1_19' title="bbox 345 3273 1721 3364; baseline -0.002 -22"><span class='ocrx_word' id='word_1_178' title='bbox 345 3299 475 3362; x_wconf 86' lang='lat' dir='ltr'><strong>corpore</strong></span> <span class='ocrx_word' id='word_1_179' title='bbox 490 3299 547 3342; x_wconf 90' lang='lat' dir='ltr'><strong>suo</strong></span> <span class='ocrx_word' id='word_1_180' title='bbox 566 3277 741 3362; x_wconf 72' lang='lat' dir='ltr'><strong>procreetis</strong></span> <span class='ocrx_word' id='word_1_181' title='bbox 763 3281 796 3342; x_wconf 93' lang='lat' dir='ltr'><strong>et</strong></span> <span class='ocrx_word' id='word_1_182' title='bbox 817 3278 845 3342; x_wconf 91' lang='lat' dir='ltr'><strong>si</strong></span> <span class='ocrx_word' id='word_1_183' title='bbox 866 3278 977 3343; x_wconf 90' lang='lat' dir='ltr'><strong>nullus</strong></span> <span class='ocrx_word' id='word_1_184' title='bbox 999 3277 1090 3344; x_wconf 89' lang='lat' dir='ltr'><strong>heres</strong></span> <span class='ocrx_word' id='word_1_185' title='bbox 1112 3279 1152 3345; x_wconf 91' lang='lat' dir='ltr'><strong>de</strong></span> <span class='ocrx_word' id='word_1_186' title='bbox 1174 3299 1303 3364; x_wconf 86' lang='lat' dir='ltr'><strong>corpore</strong></span> <span class='ocrx_word' id='word_1_187' title='bbox 1324 3276 1427 3363; x_wconf 87' lang='lat' dir='ltr'><strong>ipsius</strong></span> <span class='ocrx_word' id='word_1_188' title='bbox 1448 3275 1600 3341; x_wconf 76' lang='lat' dir='ltr'><strong>R1csau1</strong></span> <span class='ocrx_word' id='word_1_189' title='bbox 1622 3273 1721 3340; x_wconf 82' lang='lat' dir='ltr'><strong>fuerit</strong></span> 
     </span>
     <span class='ocr_line' id='line_1_20' title="bbox 345 3409 1722 3501; baseline -0.001 -23"><span class='ocrx_word' id='word_1_190' title='bbox 345 3421 529 3500; x_wconf 87' lang='lat' dir='ltr'><strong>procreatus</strong></span> <span class='ocrx_word' id='word_1_191' title='bbox 543 3419 622 3480; x_wconf 92' lang='lat' dir='ltr'><strong>tunc</strong></span> <span class='ocrx_word' id='word_1_192' title='bbox 635 3414 780 3500; x_wconf 86' lang='lat' dir='ltr'><strong>predicte</strong></span> <span class='ocrx_word' id='word_1_193' title='bbox 795 3415 950 3479; x_wconf 78' lang='lat' dir='ltr'><strong>medietas</strong></span> <span class='ocrx_word' id='word_1_194' title='bbox 968 3437 1041 3479; x_wconf 91' lang='lat' dir='ltr'><strong>cum</strong></span> <span class='ocrx_word' id='word_1_195' title='bbox 1062 3414 1269 3501; x_wconf 84' lang='lat' dir='ltr'><strong>pertinenciis</strong></span> <span class='ocrx_word' id='word_1_196' title='bbox 1290 3415 1418 3501; x_wconf 78' lang='lat' dir='ltr'><strong>integre</strong></span> <span class='ocrx_word' id='word_1_197' title='bbox 1439 3416 1607 3478; x_wconf 85' lang='lat' dir='ltr'><strong>remaneat</strong></span> <span class='ocrx_word' id='word_1_198' title='bbox 1628 3409 1722 3477; x_wconf 88' lang='lat' dir='ltr'><strong>rectis</strong></span> 
     </span>
     <span class='ocr_line' id='line_1_21' title="bbox 345 3546 1722 3638; baseline -0.001 -25"><span class='ocrx_word' id='word_1_199' title='bbox 345 3546 518 3615; x_wconf 87' lang='lat' dir='ltr'><strong>heredibus</strong></span> <span class='ocrx_word' id='word_1_200' title='bbox 532 3549 633 3635; x_wconf 86' lang='lat' dir='ltr'><strong>ipsius</strong></span> <span class='ocrx_word' id='word_1_201' title='bbox 648 3548 797 3616; x_wconf 78' lang='lat' dir='ltr'><strong>chsnnr</strong></span> <span class='ocrx_word' id='word_1_202' title='bbox 812 3571 870 3636; x_wconf 86' lang='lat' dir='ltr'><strong>per</strong></span> <span class='ocrx_word' id='word_1_203' title='bbox 887 3550 986 3616; x_wconf 86' lang='lat' dir='ltr'><strong>finem</strong></span> <span class='ocrx_word' id='word_1_204' title='bbox 1007 3551 1042 3615; x_wconf 90' lang='lat' dir='ltr'><strong>in</strong></span> <span class='ocrx_word' id='word_1_205' title='bbox 1065 3551 1187 3616; x_wconf 87' lang='lat' dir='ltr'><strong>curiam</strong></span> <span class='ocrx_word' id='word_1_206' title='bbox 1209 3551 1333 3616; x_wconf 91' lang='lat' dir='ltr'><strong>domini</strong></span> <span class='ocrx_word' id='word_1_207' title='bbox 1356 3549 1458 3638; x_wconf 89' lang='lat' dir='ltr'><strong>Regis</strong></span> <span class='ocrx_word' id='word_1_208' title='bbox 1479 3551 1631 3618; x_wconf 87' lang='lat' dir='ltr'><strong>levatam.</strong></span> <span class='ocrx_word' id='word_1_209' title='bbox 1677 3547 1722 3613; x_wconf 82' lang='lat' dir='ltr'><strong>Bt</strong></span> 
     </span>
     <span class='ocr_line' id='line_1_22' title="bbox 346 3685 1720 3776; baseline 0 -26"><span class='ocrx_word' id='word_1_210' title='bbox 346 3685 461 3752; x_wconf 88' lang='lat' dir='ltr'><strong>dicunt</strong></span> <span class='ocrx_word' id='word_1_211' title='bbox 490 3687 578 3772; x_wconf 92' lang='lat' dir='ltr'><strong>quod</strong></span> <span class='ocrx_word' id='word_1_212' title='bbox 606 3685 751 3774; x_wconf 89' lang='lat' dir='ltr'><strong>predicta</strong></span> <span class='ocrx_word' id='word_1_213' title='bbox 775 3686 796 3751; x_wconf 88' lang='lat' dir='ltr'><strong>J</strong></span> <span class='ocrx_word' id='word_1_214' title='bbox 799 3707 888 3751; x_wconf 74' lang='lat' dir='ltr'><strong>aurs</strong></span> <span class='ocrx_word' id='word_1_215' title='bbox 910 3690 957 3752; x_wconf 84' lang='lat' dir='ltr'><strong>est</strong></span> <span class='ocrx_word' id='word_1_216' title='bbox 981 3687 1076 3752; x_wconf 87' lang='lat' dir='ltr'><strong>etatis</strong></span> <span class='ocrx_word' id='word_1_217' title='bbox 1097 3687 1314 3776; x_wconf 77' lang='lat' dir='ltr'><strong>quadraginta</strong></span> <span class='ocrx_word' id='word_1_218' title='bbox 1335 3709 1497 3754; x_wconf 89' lang='lat' dir='ltr'><strong>annorum</strong></span> <span class='ocrx_word' id='word_1_219' title='bbox 1518 3685 1720 3773; x_wconf 87' lang='lat' dir='ltr'><strong>etamplius</strong></span> 
     </span>
     <span class='ocr_line' id='line_1_23' title="bbox 348 3821 1723 3912; baseline 0.001 -25"><span class='ocrx_word' id='word_1_220' title='bbox 348 3821 396 3887; x_wconf 89' lang='lat' dir='ltr'><strong>Et</strong></span> <span class='ocrx_word' id='word_1_221' title='bbox 410 3822 523 3888; x_wconf 91' lang='lat' dir='ltr'><strong>dicunt</strong></span> <span class='ocrx_word' id='word_1_222' title='bbox 538 3824 626 3908; x_wconf 90' lang='lat' dir='ltr'><strong>quod</strong></span> <span class='ocrx_word' id='word_1_223' title='bbox 639 3821 776 3910; x_wconf 90' lang='lat' dir='ltr'><strong>predicti</strong></span> <span class='ocrx_word' id='word_1_224' title='bbox 794 3824 859 3889; x_wconf 91' lang='lat' dir='ltr'><strong>duo</strong></span> <span class='ocrx_word' id='word_1_225' title='bbox 881 3823 1011 3889; x_wconf 91' lang='lat' dir='ltr'><strong>solidati</strong></span> <span class='ocrx_word' id='word_1_226' title='bbox 1024 3824 1170 3889; x_wconf 90' lang='lat' dir='ltr'><strong>redditus</strong></span> <span class='ocrx_word' id='word_1_227' title='bbox 1183 3829 1337 3890; x_wconf 89' lang='lat' dir='ltr'><strong>tenentur</strong></span> <span class='ocrx_word' id='word_1_228' title='bbox 1352 3825 1393 3890; x_wconf 88' lang='lat' dir='ltr'><strong>de</strong></span> <span class='ocrx_word' id='word_1_229' title='bbox 1408 3824 1553 3912; x_wconf 87' lang='lat' dir='ltr'><strong>predicto</strong></span> <span class='ocrx_word' id='word_1_230' title='bbox 1567 3822 1723 3889; x_wconf 73' lang='lat' dir='ltr'><strong>chsuuo</strong></span> 
     </span>
     <span class='ocr_line' id='line_1_24' title="bbox 350 3958 1724 4048; baseline -0.001 -24"><span class='ocrx_word' id='word_1_231' title='bbox 350 3958 523 4024; x_wconf 69' lang='lat' dir='ltr'><strong>Ramnes</strong></span> <span class='ocrx_word' id='word_1_232' title='bbox 543 3980 601 4045; x_wconf 91' lang='lat' dir='ltr'><strong>per</strong></span> <span class='ocrx_word' id='word_1_233' title='bbox 622 3959 790 4024; x_wconf 84' lang='lat' dir='ltr'><strong>servicium</strong></span> <span class='ocrx_word' id='word_1_234' title='bbox 815 3958 830 4046; x_wconf 95' lang='lat'>[</span> <span class='ocrx_word' id='word_1_235' title='bbox 856 4010 863 4024; x_wconf 92' lang='lat'><strong>.</strong></span> <span class='ocrx_word' id='word_1_236' title='bbox 889 4011 895 4024; x_wconf 94' lang='lat'>.</span> <span class='ocrx_word' id='word_1_237' title='bbox 922 4010 929 4025; x_wconf 91' lang='lat'><strong>.</strong></span> <span class='ocrx_word' id='word_1_238' title='bbox 955 3959 995 4048; x_wconf 93' lang='lat'><strong>.]</strong></span> <span class='ocrx_word' id='word_1_239' title='bbox 1022 3961 1124 4047; x_wconf 82' lang='lat' dir='ltr'><strong>pertis</strong></span> <span class='ocrx_word' id='word_1_240' title='bbox 1144 3960 1241 4027; x_wconf 92' lang='lat' dir='ltr'><strong>unius</strong></span> <span class='ocrx_word' id='word_1_241' title='bbox 1263 3961 1351 4027; x_wconf 82' lang='lat' dir='ltr'><strong>feodi</strong></span> <span class='ocrx_word' id='word_1_242' title='bbox 1371 3961 1496 4027; x_wconf 89' lang='lat' dir='ltr'><strong>militis.</strong></span> <span class='ocrx_word' id='word_1_243' title='bbox 1542 3959 1591 4026; x_wconf 78' lang='lat' dir='ltr'><strong>Et</strong></span> <span class='ocrx_word' id='word_1_244' title='bbox 1612 3959 1724 4026; x_wconf 89' lang='lat' dir='ltr'><strong>dieunt</strong></span> 
     </span>
     <span class='ocr_line' id='line_1_25' title="bbox 350 4093 1724 4179; baseline 0.002 -21"><span class='ocrx_word' id='word_1_245' title='bbox 350 4095 438 4179; x_wconf 91' lang='lat' dir='ltr'><strong>quod</strong></span> <span class='ocrx_word' id='word_1_246' title='bbox 461 4095 604 4179; x_wconf 88' lang='lat' dir='ltr'><strong>predicta</strong></span> <span class='ocrx_word' id='word_1_247' title='bbox 626 4093 648 4160; x_wconf 89' lang='lat' dir='ltr'><strong>J</strong></span> <span class='ocrx_word' id='word_1_248' title='bbox 649 4099 793 4161; x_wconf 66' lang='lat' dir='ltr'><strong>onasus</strong></span> <span class='ocrx_word' id='word_1_249' title='bbox 814 4118 880 4162; x_wconf 92' lang='lat' dir='ltr'><strong>non</strong></span> <span class='ocrx_word' id='word_1_250' title='bbox 902 4096 1009 4162; x_wconf 90' lang='lat' dir='ltr'><strong>tenuit</strong></span> <span class='ocrx_word' id='word_1_251' title='bbox 1030 4097 1095 4162; x_wconf 84' lang='lat' dir='ltr'><strong>aiis</strong></span> <span class='ocrx_word' id='word_1_252' title='bbox 1115 4103 1218 4164; x_wconf 85' lang='lat' dir='ltr'><strong>terras</strong></span> <span class='ocrx_word' id='word_1_253' title='bbox 1238 4121 1298 4165; x_wconf 89' lang='lat' dir='ltr'><strong>nec</strong></span> <span class='ocrx_word' id='word_1_254' title='bbox 1318 4102 1506 4165; x_wconf 87' lang='lat' dir='ltr'><strong>tenementa</strong></span> <span class='ocrx_word' id='word_1_255' title='bbox 1529 4099 1571 4164; x_wconf 92' lang='lat' dir='ltr'><strong>de</strong></span> <span class='ocrx_word' id='word_1_256' title='bbox 1593 4094 1724 4164; x_wconf 90' lang='lat' dir='ltr'><strong>dominc</strong></span> 
     </span>
     <span class='ocr_line' id='line_1_26' title="bbox 352 4227 1726 4326; baseline 0.005 -33"><span class='ocrx_word' id='word_1_257' title='bbox 352 4227 447 4316; x_wconf 83' lang='lat' dir='ltr'><strong>Rege</strong></span> <span class='ocrx_word' id='word_1_258' title='bbox 461 4229 497 4293; x_wconf 92' lang='lat' dir='ltr'><strong>in</strong></span> <span class='ocrx_word' id='word_1_259' title='bbox 511 4230 615 4316; x_wconf 89' lang='lat' dir='ltr'><strong>capite</strong></span> <span class='ocrx_word' id='word_1_260' title='bbox 629 4252 688 4296; x_wconf 89' lang='lat' dir='ltr'><strong>nec</strong></span> <span class='ocrx_word' id='word_1_261' title='bbox 702 4233 742 4297; x_wconf 88' lang='lat' dir='ltr'><strong>de</strong></span> <span class='ocrx_word' id='word_1_262' title='bbox 757 4231 829 4298; x_wconf 83' lang='lat' dir='ltr'><strong>aliis</strong></span> <span class='ocrx_word' id='word_1_263' title='bbox 844 4233 982 4298; x_wconf 90' lang='lat' dir='ltr'><strong>dominis</strong></span> <span class='ocrx_word' id='word_1_264' title='bbox 999 4234 1035 4300; x_wconf 94' lang='lat' dir='ltr'><strong>in</strong></span> <span class='ocrx_word' id='word_1_265' title='bbox 1057 4235 1217 4326; x_wconf 83' lang='lat' dir='ltr'><strong>comitatu</strong></span> <span class='ocrx_word' id='word_1_266' title='bbox 1233 4236 1386 4323; x_wconf 84' lang='lat' dir='ltr'><strong>predicto.</strong></span> <span class='ocrx_word' id='word_1_267' title='bbox 1432 4236 1480 4301; x_wconf 83' lang='lat' dir='ltr'><strong>Et</strong></span> <span class='ocrx_word' id='word_1_268' title='bbox 1502 4236 1617 4303; x_wconf 90' lang='lat' dir='ltr'><strong>dicunt</strong></span> <span class='ocrx_word' id='word_1_269' title='bbox 1639 4233 1726 4320; x_wconf 90' lang='lat' dir='ltr'><strong>quod</strong></span> 
     </span>
     <span class='ocr_line' id='line_1_27' title="bbox 352 4364 1726 4459; baseline 0.005 -27"><span class='ocrx_word' id='word_1_270' title='bbox 352 4364 522 4432; x_wconf 77' lang='lat' dir='ltr'><strong>servicium</strong></span> <span class='ocrx_word' id='word_1_271' title='bbox 537 4366 673 4432; x_wconf 84' lang='lat' dir='ltr'><strong>manerii</strong></span> <span class='ocrx_word' id='word_1_272' title='bbox 686 4365 787 4434; x_wconf 87' lang='lat' dir='ltr'><strong>nichil</strong></span> <span class='ocrx_word' id='word_1_273' title='bbox 800 4368 888 4434; x_wconf 86' lang='lat' dir='ltr'><strong>valet</strong></span> <span class='ocrx_word' id='word_1_274' title='bbox 909 4391 966 4454; x_wconf 88' lang='lat' dir='ltr'><strong>per</strong></span> <span class='ocrx_word' id='word_1_275' title='bbox 989 4393 1112 4436; x_wconf 89' lang='lat' dir='ltr'><strong>anuum</strong></span> <span class='ocrx_word' id='word_1_276' title='bbox 1134 4371 1221 4438; x_wconf 88' lang='lat' dir='ltr'><strong>ultra</strong></span> <span class='ocrx_word' id='word_1_277' title='bbox 1241 4373 1387 4459; x_wconf 83' lang='lat' dir='ltr'><strong>reprisae</strong></span> <span class='ocrx_word' id='word_1_278' title='bbox 1433 4373 1481 4439; x_wconf 82' lang='lat' dir='ltr'><strong>Et</strong></span> <span class='ocrx_word' id='word_1_279' title='bbox 1502 4373 1618 4440; x_wconf 88' lang='lat' dir='ltr'><strong>dieunt</strong></span> <span class='ocrx_word' id='word_1_280' title='bbox 1639 4370 1726 4459; x_wconf 91' lang='lat' dir='ltr'><strong>quod</strong></span> 
     </span>
    </p>
   </div>
   <div class='ocr_carea' id='block_1_6' title="bbox 353 4499 1727 4596">
    <p class='ocr_par' dir='ltr' id='par_1_6' title="bbox 353 4499 1727 4596">
     <span class='ocr_line' id='line_1_28' title="bbox 353 4499 1727 4596; baseline 0.007 -31"><span class='ocrx_word' id='word_1_281' title='bbox 353 4503 402 4566; x_wconf 90' lang='lat' dir='ltr'><strong>est</strong></span> <span class='ocrx_word' id='word_1_282' title='bbox 416 4499 537 4567; x_wconf 90' lang='lat' dir='ltr'><strong>ibidem</strong></span> <span class='ocrx_word' id='word_1_283' title='bbox 551 4524 617 4566; x_wconf 85' lang='lat' dir='ltr'><strong>une</strong></span> <span class='ocrx_word' id='word_1_284' title='bbox 631 4509 778 4570; x_wconf 82' lang='lat' dir='ltr'><strong>cameata</strong></span> <span class='ocrx_word' id='word_1_285' title='bbox 792 4506 878 4590; x_wconf 86' lang='lat' dir='ltr'><strong>prati</strong></span> <span class='ocrx_word' id='word_1_286' title='bbox 892 4505 927 4571; x_wconf 94' lang='lat' dir='ltr'><strong>in</strong></span> <span class='ocrx_word' id='word_1_287' title='bbox 943 4507 1102 4574; x_wconf 90' lang='lat' dir='ltr'><strong>dominico</strong></span> <span class='ocrx_word' id='word_1_288' title='bbox 1124 4531 1187 4594; x_wconf 90' lang='lat' dir='ltr'><strong>que</strong></span> <span class='ocrx_word' id='word_1_289' title='bbox 1208 4509 1296 4576; x_wconf 84' lang='lat' dir='ltr'><strong>valet</strong></span> <span class='ocrx_word' id='word_1_290' title='bbox 1316 4531 1374 4596; x_wconf 90' lang='lat' dir='ltr'><strong>per</strong></span> <span class='ocrx_word' id='word_1_291' title='bbox 1395 4532 1522 4576; x_wconf 87' lang='lat' dir='ltr'><strong>aunum</strong></span> <span class='ocrx_word' id='word_1_292' title='bbox 1543 4533 1606 4576; x_wconf 82' lang='lat' dir='ltr'><strong>xxs</strong></span> <span class='ocrx_word' id='word_1_293' title='bbox 1627 4514 1661 4576; x_wconf 93' lang='lat' dir='ltr'><strong>et</strong></span> <span class='ocrx_word' id='word_1_294' title='bbox 1680 4507 1727 4574; x_wconf 89' lang='lat' dir='ltr'><strong>sic</strong></span> 
     </span>
    </p>
   </div>
   <div class='ocr_carea' id='block_1_7' title="bbox 0 0 2034 5434">
    <p class='ocr_par' dir='ltr' id='par_1_7' title="bbox 0 0 2034 5434">
     <span class='ocr_line' id='line_1_29' title="bbox 0 0 2034 5434; baseline 0 0"><span class='ocrx_word' id='word_1_295' title='bbox 0 0 2034 5434; x_wconf 95' lang='lat' dir='ltr'><strong> </strong></span> 
     </span>
    </p>
   </div>
  </div>
 </body>
</html>
