4009 5434
1529 165 1595 234 293

264 491 514 581 impmpatuum.
557 481 1638 575 EtpmdeieatutaiisexibasadnsumBeennuOsnusflliimei

265 628 406 720 iunianis
417 632 453 696 et
471 624 643 695 beredibm
663 621 848 693 maseulinis
868 623 910 691 da
929 643 1059 710 eorpora
1082 644 1141 692 suo
1160 620 1306 711 legitime
1326 623 1500 712 promentis
1518 623 1637 713 impau-

265 769 412 857 petnnm
456 757 1639 853 Etpmdaieetntalisaxitasquodomniapradiatamanerinet

266 908 373 974 eatena
398 903 554 993 premisse
580 924 656 971 anm
682 898 887 990 pertinentiis
910 897 1640 987 integsammaneantetrevertantutreatia

266 1040 439 1112 heredibus
477 1039 545 1108 mei
583 1038 720 1128 prediati
760 1037 878 1106 Hosm
917 1036 1157 1124 impaupetuum
1196 1036 1239 1104 da
1273 1035 1465 1124 ospitalibm
1499 1035 1640 1106 dominis

267 1180 438 1250 foedam
459 1176 591 1245 illorum
614 1197 674 1264 per
696 1173 844 1243 redditus
867 1177 902 1242 at
925 1171 1059 1242 servicia
1086 1171 1163 1240 inde
1191 1173 1281 1261 ptius
1307 1173 1420 1243 debita
1443 1178 1478 1243 et
1501 1175 1543 1244 de
1566 1175 1641 1264 jure

267 1320 429 1388 masnata.
473 1314 522 1383 nt
534 1335 597 1404 ege
609 1333 685 1382 vero
698 1309 861 1400 prodietns
875 1309 1019 1378 Honnus
1033 1313 1066 1378 et
1079 1309 1213 1378 heredes
1230 1309 1296 1378 mei
1316 1311 1461 1400 predicta
1480 1309 1642 1402 bnrgngia

185 1524 190 1532 ,
268 1448 923 1544 dimidinbnrgagiamanariaterraset
944 1451 1049 1516 eatam
1071 1446 1226 1536 premissa
1249 1449 1641 1540 cumpertinentiispra·

269 1592 348 1662 fatis
381 1590 600 1660 summano
626 1593 662 1658 et
688 1586 817 1657 Jnoono
844 1583 1018 1656 heredibus
1049 1588 1083 1654 at
1114 1583 1286 1674 assignatis
1321 1609 1432 1656 eorum
1467 1589 1511 1656 ad
1545 1611 1643 1660 usum

269 1729 451 1820 psediatum
477 1731 591 1798 eontra
618 1747 729 1794 omnes
757 1726 872 1812 gentes
899 1720 1181 1791 warantizabimus
1208 1727 1243 1790 et
1269 1722 1509 1814 imperpetuum
1529 1727 1642 1797 deien-

269 1867 385 1935 demns
417 1887 476 1954 par
510 1867 683 1953 presentes
735 1859 852 1928 Sciatis
886 1858 1019 1947 insuper
1052 1880 1106 1927 ma
1141 1860 1306 1948 prefatum
1342 1862 1497 1932 Honnuu
1531 1865 1645 1938 fauisse

270 2002 617 2090 mdinamadepntassa
637 2003 672 2068 at
691 1999 761 2067 viae
782 2003 817 2066 et
836 1997 1646 2085 nominemeoposuiseadileetosmihiinObuisto

271 2141 428 2210 Homnae
448 2162 490 2228 ap
511 2136 609 2207 Jeme
629 2138 672 2206 de
691 2135 976 2205 messanum
1002 2137 1037 2202 et
1060 2133 1228 2202 Jsusnss
1250 2158 1294 2224 ap
1318 2135 1443 2204 Enseu
1465 2139 1507 2208 de
1528 2138 1645 2210 Insu-

271 2299 389 2347 noans
401 2298 522 2365 yoman
535 2297 624 2344 meos
636 2296 729 2344 veroa
741 2276 776 2342 et
793 2271 957 2362 legitimos
977 2275 1156 2340 attenuatos
1177 2272 1377 2362 eonjunetim
1398 2280 1432 2344 et
1452 2275 1582 2346 divisim
1602 2281 1647 2350 ad

270 2416 461 2484 iuuandum
495 2413 566 2482 viae
601 2415 636 2480 et
664 2409 796 2479 nemine
824 2431 897 2478 meo
925 2411 968 2478 de
995 2413 1030 2478 et
1056 2409 1093 2477 in
1122 2409 1272 2478 omnibus
1298 2412 1451 2500 predictis
1477 2415 1646 2508 burgagiie

271 2546 879 2636 maneriistenisateetesispremissis
898 2569 973 2615 enm
993 2547 1200 2636 partineneiis
1221 2551 1255 2617 et
1274 2549 1406 2638 planam
1426 2555 1461 2620 et
1480 2553 1647 2642 paeiiiemn

271 2687 501 2779 possaanonem
515 2690 550 2755 at
562 2685 713 2754 saisinam
730 2683 808 2753 inde
822 2683 891 2752 siaa
905 2689 939 2752 et
952 2683 1084 2752 nomine
1097 2705 1170 2753 meo
1184 2685 1376 2773 sapiendum
1389 2710 1427 2756 aa
1440 2691 1647 2777 postmodum

272 2827 317 2894 ad
330 2823 575 2894 deliberandum
587 2822 719 2910 plenam
732 2825 767 2890 at
779 2821 946 2910 peaiiieam
959 2821 1188 2909 possessionem
1202 2827 1236 2891 et
1254 2823 1405 2892 saisinam
1424 2827 1502 2896 inda
1522 2827 1592 2896 viee
1613 2831 1647 2898 et

273 2961 406 3031 nomine
425 2981 500 3030 meo
519 2959 655 3049 prefatis
671 2958 889 3028 Asnxsunno
909 2962 944 3027 et
964 2958 988 3027 J
988 2980 1093 3026 aeone
1112 2958 1284 3028 heredibus
1297 2965 1331 3029 et
1344 2962 1516 3052 assignatis
1528 2965 1647 3054 imper·

273 3102 410 3188 petnnm
428 3099 607 3166 seeundum
624 3096 694 3165 vim
712 3095 852 3165 formam
865 3099 900 3164 et
912 3097 1065 3165 effaetum
1078 3095 1179 3185 hujus
1191 3097 1349 3184 pinsentis
1362 3103 1448 3168 easta
1461 3103 1648 3174 maireium

273 3240 406 3328 prabum
434 3239 532 3323 atque
557 3236 689 3303 flumum
716 3232 890 3303 habentem
918 3237 953 3303 et
979 3231 1169 3300 habituum
1196 3235 1303 3301 totum
1327 3256 1365 3303 aa
1393 3237 1548 3326 quiequid
1568 3241 1648 3311 dieti

272 3374 430 3444 attornati
453 3372 520 3442 mai
547 3371 748 3461 eonjunatim
777 3374 811 3440 at
838 3371 969 3440 divisim
992 3370 1130 3439 ieoerint
1153 3375 1212 3439 aut
1233 3395 1320 3440 unus
1343 3359 1454 3442 aerim
1479 3376 1592 3447 iaoasit
1611 3381 1648 3448 in

273 3511 437 3602 premissis
465 3514 524 3579 aut
549 3510 587 3578 in
615 3509 725 3598 aliquo
752 3509 980 3598 premissomm
1009 3507 1092 3576 sieut
1119 3512 1248 3598 egomet
1269 3509 1306 3577 in
1329 3532 1403 3578 mea
1426 3515 1556 3602 propria
1575 3541 1648 3606 per-

274 3672 355 3720 sana
381 3649 504 3718 ibidem
526 3671 658 3738 presens
679 3648 890 3738 perwnaliter
911 3649 1106 3716 interessem.
1151 3645 1231 3714 Hiia
1255 3646 1391 3716 testibus
1412 3645 1650 3726 Onmnossno

276 3786 512 3857 nussum
548 3786 678 3855 Tuosne
691 3808 734 3874 ap
747 3784 844 3855 Joms
858 3785 900 3852 da
919 3784 1063 3854 Bnumu
1077 3783 1239 3874 generosis
1270 3782 1455 3855 mommo
1481 3787 1650 3862 ussum

278 3923 462 3994 ananno
487 3923 650 3992 flauum
671 3924 712 3991 da
734 3921 1002 3990 meuwnnn
1025 3925 1060 3990 at
1082 3920 1279 3992 Wmnnnuo
1307 3919 1435 3991 Hoeen
1464 3926 1505 3994 de
1533 3925 1651 3998 Lean.

279 4083 464 4130 sumen
484 4083 605 4149 yomen
627 4063 662 4128 et
685 4060 799 4128 multis
818 4059 900 4126 aliis
934 4057 1061 4127 Datum
1080 4057 1177 4126 tertio
1199 4058 1252 4127 die
1271 4057 1429 4150 Augustii
1450 4085 1537 4133 anno
1556 4068 1653 4156 regni

281 4197 385 4290 Regis
404 4198 562 4269 Hune
583 4197 688 4268 optavi
708 4202 783 4286 post
802 4199 1013 4283 conquestum
1032 4194 1173 4263 Anum
1194 4195 1344 4266 vicesimo
1365 4203 1486 4269 oetam.
