4009 5434
418 571 463 636 44

371 890 406 954 et
434 885 548 952 metris
575 889 684 952 nostre
713 889 746 953 et
775 885 921 954 omnium
950 891 1187 954 snteoessornm
1210 893 1393 956 nostrorum
1416 910 1528 958 omnes
1551 890 1746 962 donaciones

371 1025 586 1094 eonoesnones
608 1031 642 1092 et
661 1023 922 1093 oonflrmeeienes
943 1025 1143 1112 suprscliotus
1155 1029 1243 1092 retus
1262 1023 1419 1094 bubum
1438 1029 1472 1094 et
1489 1031 1600 1116 gestu
1615 1049 1670 1096 ees
1682 1051 1744 1118 pru

362 1159 818 1230 nobisetheredibmnostris
836 1161 988 1250 prodistis
1009 1160 1224 1250 burgensibus
1244 1164 1362 1232 nostris
1382 1169 1417 1232 et
1437 1187 1549 1232 eorum
1569 1187 1742 1236 suooenor·

369 1299 443 1369 ibus
478 1298 681 1368 eonoedimus
715 1299 910 1368 innovemus
944 1297 1142 1368 rutilosmus
1176 1305 1212 1368 et
1246 1299 1472 1369 oonflrmumus
1502 1301 1742 1392 imperpetuum

367 1438 513 1506 volentes
526 1442 560 1504 ot
574 1437 782 1505 ooneedentes
795 1437 883 1524 quod
896 1437 960 1504 ists
973 1441 1063 1504 ourtu
1075 1437 1112 1504 in
1126 1437 1276 1522 omnibus
1296 1439 1363 1506 suis
1383 1438 1588 1508 libertatibus
1605 1440 1742 1510 firmiter

365 1578 401 1644 et
414 1573 645 1643 inviolubffiter
658 1573 844 1642 observetur
857 1575 1097 1662 imperpetuum
1110 1573 1221 1662 ulique
1239 1574 1476 1664 intenupeione
1495 1600 1562 1645 non
1580 1577 1738 1648 obstsnts

366 1713 411 1782 In
436 1713 527 1780 ouius
551 1711 600 1780 rei
624 1711 847 1778 testimonium
867 1711 944 1778 huie
968 1711 1111 1800 presenti
1132 1715 1220 1780 ourte
1243 1716 1354 1779 nostre
1379 1714 1526 1802 sigillum
1553 1716 1741 1786 osuoellurie

365 1857 475 1920 nostre
499 1852 540 1919 de
565 1848 738 1918 Knunnrr
766 1848 920 1915 duximus
948 1850 1188 1938 apponendum.
1232 1848 1313 1916 Hiis
1340 1851 1477 1918 testibus
1505 1851 1742 1921 venerabilibus

365 1990 444 2058 viris
464 1989 628 2056 Humum
649 1987 766 2054 sbbsts
780 1986 821 2055 de
834 1985 992 2054 Menon
1021 1985 1149 2055 Tmou
1166 1985 1283 2056 sbbute
1297 1989 1339 2058 de
1352 1987 1481 2058 Num
1510 1990 1534 2057 J
1534 2013 1677 2060 onum
1698 1993 1741 2061 de

366 2125 550 2194 Oovnuunn
580 2123 802 2190 umhidiseono
831 2121 1046 2190 Lunduvense
1089 2122 1242 2192 Dominis
1264 2124 1440 2192 minum
1468 2127 1510 2193 (le
1539 2125 1742 2195 mmm

363 2271 445 2334 tune
457 2263 643 2331 vioeoomite
657 2268 766 2330 nostro
780 2263 822 2328 de
837 2259 1056 2330 (immonem
1075 2261 1232 2330 chsnuo
1252 2264 1293 2330 de
1315 2262 1563 2332 Tussnnmnnn
1586 2263 1741 2334 omno

365 2404 406 2472 de
428 2403 559 2470 Seuero
579 2399 747 2468 lomim
771 2397 939 2466 somme
962 2397 993 2465 lo
1017 2398 1173 2467 Nomn
1200 2399 1380 2467 Enwsnno
1401 2403 1442 2468 de
1463 2401 1736 2472 Srnsnmruos

364 2538 524 2609 militibus
548 2536 745 2607 Wrnnnnmo
768 2533 941 2602 humo
980 2533 1109 2602 Tuon
1138 2536 1179 2604 (le
1207 2535 1401 2605 Breuem
1424 2542 1457 2605 et
1482 2539 1563 2606 eliis
1615 2539 1742 2610 Detum

364 2679 454 2768 opud
482 2674 655 2744 Knusnrr
683 2695 784 2741 xv111.
810 2673 863 2739 die
888 2671 984 2740 Junii
1008 2695 1095 2741 enno
1118 2673 1214 2764 regni
1236 2673 1340 2764 Regis
1364 2674 1536 2743 Enwsnm
1557 2678 1648 2746 teru'i
1668 2681 1743 2766 post

363 2817 576 2904 oonquestum
590 2811 750 2880 trioesimo
764 2811 914 2878 seeundo.

407 2979 479 3048 Nos
493 3000 568 3046 vero
582 2975 728 3064 prefatus
749 2971 894 3042 Taunus
914 2973 947 3042 le
970 2975 1170 3042 Drsrnssnu
1190 2975 1232 3042 (le
1252 2975 1363 3064 grume
1382 2981 1493 3043 nostru
1513 2977 1644 3065 speoisli
1663 2999 1740 3045 oon·

363 3118 516 3188 oessims
536 3113 688 3204 predistis
707 3107 924 3200 burgensibus
945 3117 979 3180 et
999 3134 1112 3182 eorum
1131 3113 1362 3182 suooessoribue
1383 3116 1470 3201 quod
1491 3116 1601 3182 omnin
1621 3115 1742 3203 pleuto

365 3257 408 3326 de
422 3253 548 3323 fontan
563 3257 596 3320 et
609 3249 787 3318 homsokeu
801 3247 887 3316 inire
900 3247 1084 3318 libertatem
1098 3251 1176 3319 ville
1190 3257 1299 3320 nostre
1312 3253 1455 3341 prodiote
1469 3252 1578 3340 eliquo
1596 3257 1742 3341 tempore

365 3389 592 3480 eontingeneie
616 3410 724 3457 uorum
746 3385 983 3454 eonstebulurio
1005 3390 1116 3454 nostro
1138 3357 1197 3474 qiu
1220 3411 1281 3476 pro
1304 3391 1448 3476 tempore
1473 3389 1573 3456 buerit
1595 3389 1741 3456 deostero

276 3501 279 3510 ⁴
366 3530 564 3618 placitantes
592 3529 626 3593 e
653 3523 687 3592 en
719 3523 889 3591 hunno
917 3527 1029 3590 noso
1057 3523 1180 3592 ensem
1203 3525 1426 3592 eminenter.
1472 3523 1685 3592 mesenes
1708 3531 1742 3592 ot

367 3667 595 3738 eoufirmnntes
619 3662 857 3750 imperpetuum
882 3683 940 3748 per
967 3664 1133 3749 presentes
1156 3683 1216 3750 pro
1239 3660 1334 3730 nobis
1360 3667 1396 3730 ot
1423 3661 1597 3730 heredibus
1623 3662 1742 3730 nostris

267 3795 273 3814 ⁸
367 3826 479 3874 omnes
492 3801 652 3892 prodietus
664 3798 830 3867 libertates
844 3802 913 3864 tum
927 3798 968 3865 (le
982 3821 1068 3865 novo
1081 3823 1139 3886 per
1152 3822 1213 3866 nos
1226 3822 1388 3870 ooneessus
1401 3823 1501 3889 quum
1516 3802 1742 3891 perprediotos

368 3947 581 4010 enteoessores
602 3941 728 4004 nostros
750 3936 901 4024 prodistis
924 3933 1140 4025 burgensibus
1164 3938 1283 4005 nostris
1307 3940 1348 4005 de
1371 3937 1543 4006 Ksnnnrn
1568 3943 1601 4006 et
1630 3961 1742 4008 eorum

369 4073 599 4146 suooessosibus
620 4073 710 4161 prim
735 4073 836 4140 detes
882 4071 926 4139 In
954 4072 1046 4140 euius
1071 4073 1120 4141 uei
1144 4073 1366 4144 testimonium
1389 4075 1467 4144 huie
1489 4077 1631 4166 presenti
1655 4080 1742 4146 erte

369 4211 624 4284 eonfirmeoionis
651 4215 760 4277 nostre
789 4213 822 4276 et
851 4209 1037 4277 donueionis
1065 4215 1174 4279 nostre
1205 4213 1348 4300 prudiote
1380 4213 1526 4302 sigillum
1554 4212 1742 4283 musellsde

369 4357 478 4420 nostre
494 4349 535 4416 de
548 4347 721 4416 Risum
735 4347 887 4415 duximus
901 4349 1140 4436 apponendum
1179 4347 1259 4418 Hiis
1271 4351 1408 4418 testibus
1421 4352 1562 4420 dominis
1574 4351 1598 4419 J
1598 4374 1741 4420 omen

369 4489 412 4558 ‹le
448 4485 578 4555 finem
613 4485 780 4554 sonem
816 4447 895 4554 tuno
930 4487 1116 4556 vioeeemite
1150 4491 1261 4557 nostro
1298 4487 1572 4558 (imeneorum
1609 4490 1742 4560 domino
