4009 5434
933 886 1181 961 commu.

367 1021 707 1097 noomuusuou
755 1024 823 1093 su
870 1026 1093 1096 wmmsu
1139 1026 1244 1098 aun
1290 1030 1421 1102 roms
1467 1032 1746 1105 emanente

477 1162 537 1231 uo
593 1162 769 1232 unsar
821 1163 1105 1249 sunsonmo,
1155 1166 1251 1236 sou
1301 1167 1402 1238 suu
1457 1171 1630 1243 uiuos
1680 1172 1744 1242 os

476 1299 719 1371 amaruan
754 1298 916 1371 usus.

959 1436 1018 1532 [a.
1035 1437 1076 1509 a.
1091 1437 1151 1530 s]
1288 1495 1290 1499 .

1100 1578 1692 1653 smmmmm

408 1716 573 1784 Noveritis
586 1716 729 1785 universi
742 1739 800 1805 per
814 1721 977 1803 presentes
997 1740 1057 1785 nos
1077 1717 1294 1787 Wmnauuns
1315 1718 1521 1789 Sannum
1540 1723 1740 1813 armigerum

365 1862 399 1925 et
426 1856 622 1924 Jonarsuau
650 1853 855 1923 Susanuruo
883 1854 1041 1923 remisisse
1068 1855 1227 1923 relaxasse
1253 1860 1288 1923 et
1310 1880 1370 1944 pro
1391 1858 1485 1927 nobis
1509 1863 1544 1927 et
1567 1859 1740 1930 heredibus

362 1993 482 2062 nostris
509 1993 747 2080 imperpetuum
780 1990 926 2079 quietum
960 1992 1112 2059 olamasse
1145 1992 1308 2061 Husnroo
1341 1994 1547 2064 Smanurue
1577 1998 1739 2087 armigero

362 2130 534 2200 heredibus
559 2134 593 2197 et
613 2129 784 2218 assignetis
809 2128 875 2196 auis
896 2128 1081 2217 totume
1104 2135 1251 2199 nostrum
1275 2132 1410 2199 titulum
1431 2137 1466 2200 et
1490 2134 1648 2202 olameum
1673 2158 1737 2223 que

363 2268 536 2337 habuimus
546 2265 702 2334 habemus
712 2289 768 2333 seu
778 2265 896 2333 habere
906 2266 1083 2353 poterimus
1092 2268 1133 2334 de
1144 2270 1178 2333 et
1187 2267 1223 2333 in
1233 2269 1377 2335 manerio
1387 2270 1429 2335 de
1439 2268 1736 2338 Moeranum

363 2429 438 2475 eum
451 2404 665 2493 pertinenoiis.
710 2404 765 2471 Ita
779 2406 866 2491 quod
880 2427 940 2471 nee
960 2427 1020 2471 noa
1040 2404 1159 2491 prefati
1180 2406 1398 2475 Wmuunuus
1418 2412 1454 2473 et
1472 2405 1657 2474 somnus
1676 2432 1737 2476 neo

362 2544 445 2611 alter
475 2546 621 2609 nostrum
651 2564 711 2608 neo
738 2541 871 2609 heredes
898 2541 1000 2608 nostri
1029 2542 1161 2628 aliquod
1188 2542 1244 2629 jus
1271 2542 1406 2609 titulum
1434 2565 1491 2609 seu
1519 2543 1672 2610 olamium
1699 2544 1736 2611 in

360 2680 505 2769 predicto
518 2678 661 2746 manerio
676 2701 750 2745 oum
765 2678 971 2765 pertinenciis
993 2680 1035 2744 de
1056 2682 1159 2745 oetero
1181 2678 1309 2765 exigere
1331 2678 1468 2745 clamare
1489 2702 1547 2745 seu
1567 2680 1735 2748 vendieare

360 2816 546 2905 poterimus.
582 2814 649 2883 -Set
666 2814 707 2882 ab
727 2814 816 2881 omni
837 2815 961 2881 salone
982 2814 1056 2902 jure
1077 2814 1174 2881 titulo
1195 2818 1230 2881 et
1250 2814 1371 2882 elameo
1392 2814 1470 2883 inde
1492 2816 1593 2883 simus
1613 2816 1735 2884 exolusi

360 2954 599 3042 imperpetuum
619 2975 677 3039 per
697 2955 867 3038 presentes.
913 2951 961 3018 Et
977 2974 1037 3018 nos
1050 2974 1125 3018 varo
1139 2951 1259 3038 prefati
1272 2950 1490 3019 wunnerus
1503 2956 1538 3018 et
1550 2951 1575 3019 J
1574 2973 1734 3019 ouauuaa

360 3098 394 3159 et
417 3090 551 3159 heredes
574 3090 676 3157 nostri
699 3088 879 3175 prodietum
900 3088 1082 3155 manerium
1103 3110 1178 3155 oum
1197 3087 1404 3174 pertinenoiis
1423 3087 1550 3174 prefato
1571 3086 1733 3154 Hnrsmoo

359 3227 531 3296 heredibus
545 3232 579 3294 et
592 3226 763 3312 assignatis
783 3226 848 3292 suis
869 3230 980 3293 eontra
1001 3248 1113 3292 omnes
1133 3230 1247 3313 gentes
1266 3224 1547 3291 warantizabimus
1566 3230 1602 3293 et
1621 3224 1732 3292 deien-

263 3355 265 3360 ’
350 3341 474 3432 demus
488 3366 734 3451 imperpetuum.
780 3362 823 3428 In
838 3362 931 3450 eujus
944 3348 992 3429 rei
1006 3362 1228 3430 testimonium
1240 3361 1318 3428 huie
1330 3362 1471 3448 presenti
1485 3361 1603 3448 seripto
1623 3365 1734 3429 nostro

360 3502 469 3589 sigilla
504 3506 614 3569 nostra
650 3500 865 3588 apposuimus.
920 3498 998 3565 Hiis
1026 3498 1163 3565 testibus
1194 3497 1392 3566 Wmuuuuo
1420 3496 1594 3564 Huassar
1628 3498 1733 3565 milite

258 3662 261 3670 ·
360 3638 503 3706 Roouao
518 3637 697 3707 Vauouau
733 3637 899 3705 Jouauuu
914 3636 1108 3703 Passurus
1142 3634 1304 3701 munero
1318 3633 1466 3701 Rasna
1501 3634 1669 3703 Jomauuu
1690 3658 1733 3723 ap

360 3774 482 3844 Gnoso
499 3800 541 3865 ep
555 3776 645 3843 Iuor
660 3780 694 3843 et
707 3775 788 3841 aliis.
834 3774 959 3841 Datum
977 3774 1065 3859 apud
1081 3772 1379 3839 Musmsnueuuu
1396 3771 1578 3857 prediatum
1594 3772 1733 3839 seeundo

360 3913 414 3981 die
441 3912 537 3981 Junii
564 3935 650 3981 anno
685 3912 781 4000 regni
809 3889 918 3999 Regis
940 3910 1097 3977 Hasna
1129 3909 1213 3977 sexti
1242 3912 1317 3997 post
1347 3912 1557 3996 oonquestum
1591 3906 1733 3976 Ausum

359 4050 519 4118 hioesimo
533 4050 681 4118 semmdo.

404 4188 483 4256 Two
497 4189 579 4256 seals
591 4188 628 4255 in
641 4190 700 4256 red
713 4211 796 4269 wax,
811 4209 854 4253 on
868 4209 929 4253 one
943 4185 1037 4253 label.
1083 4185 1158 4273 'Phe
1175 4208 1278 4273 upper
1291 4184 1384 4254 bears
1398 4208 1419 4252 a
1431 4186 1513 4252 rude
1525 4183 1653 4265 trefoil;
1675 4182 1732 4250 the

359 4324 457 4393 lower
471 4347 491 4390 s
503 4322 612 4391 buneh
627 4324 662 4391 of
683 4346 807 4411 grapes.

403 4448 820 4529 Eudorsed-“Relaxatio
845 4458 1007 4528 Willelmi
1035 4464 1069 4528 et
1096 4459 1120 4527 J
1121 4459 1257 4527 ohannis
1278 4458 1459 4548 Stradlyng
1478 4458 1567 4526 faeta
1587 4455 1734 4525 Hemioo

358 4598 541 4688 Stmdlyng
554 4599 596 4667 de
609 4598 753 4666 manerio
767 4598 808 4666 de
822 4596 1113 4665 Mertharmaure.’'
