4009 5434
418 663 462 728 60

369 977 506 1064 antiquo
526 999 586 1066 pro
607 977 724 1047 everiie
745 979 811 1046 6616
831 979 1039 1068 pestursndie
1056 983 1092 1048 et
1103 978 1177 1047 eliis
1190 978 1390 1048 aisiamentis
1402 981 1439 1048 in
1453 981 1574 1050 eisdem
1587 980 1748 1054 habendis

369 1119 465 1203 prout
480 1113 599 1184 hebere
613 1115 761 1185 selebsnt
773 1121 917 1206 tempore
936 1121 1174 1188 anuoemm
1194 1122 1388 1187 nostrorum
1432 1117 1506 1188 Nes
1519 1124 1630 1188 eutem
1643 1122 1746 1190 done·

368 1252 477 1320 616666
498 1258 532 1320 61
552 1253 768 1322 666666616666
789 1255 950 1344 predietes
969 1264 1058 1324 retes
1078 1255 1234 1325 16166166
1251 1261 1287 1324 61
1307 1261 1419 1345 gretes
1438 1279 1493 1325 ees
1513 1279 1574 1348 pro
1594 1257 1689 1327 nobie
1709 1265 1745 1328 st

368 1390 542 1460 huobbes
562 1392 680 1460 nostes
703 1365 856 1482 proeaees
877 1392 1094 1482 6636666
1113 1394 1232 1462 noser
1252 1395 1456 1463 meremus
1469 1401 1504 1462 6
1517 1395 1744 1465 mmmmm

367 1551 422 1598 666
435 1551 499 1616 que
512 1533 625 1600 tenore
639 1531 840 1620 presencium
858 1531 1061 1602 innovemus
1105 1517 1272 1602 Veientes
1283 1535 1318 1600 et
1338 1533 1548 1600 66666166166
1568 1556 1627 1621 pro
1649 1533 1743 1602 nobie

368 1680 402 1735 et
421 1667 595 1736 heredibus
619 1669 738 1737 nostris
764 1670 851 1760 quod
876 1673 965 1738 uerte
987 1670 1134 1759 prediote
1154 1670 1190 1738 in
1210 1668 1363 1738 omnibus
1383 1674 1417 1738 et
1437 1668 1577 1758 singulis
1597 1671 1743 1740 sntieulie

366 1805 433 1874 suis
468 1807 709 1896 imperpetuum
744 1808 881 1876 tirmiter
916 1811 951 1876 et
979 1806 1190 1876 immobiliter
1222 1805 1409 1876 observetur
1436 1809 1539 1875 eeiem
1574 1808 1603 1875 61
1639 1809 1743 1900 eliqui

365 1944 495 2012 ertieuli
515 1945 552 2012 in
574 1945 688 2013 eedem
709 1950 798 2014 uerte
818 1947 963 2014 66616611
984 1944 1173 2036 hueusque
1194 1945 1332 2013 ioreitsu
1349 1967 1417 2012 666
1430 1945 1555 2012 fuerint
1571 1944 1740 2014 observati.

366 2081 410 2149 In
440 2082 535 2170 eujus
565 2082 614 2149 rei
634 2083 858 2151 testimonium
878 2082 954 2150 huie
974 2082 1118 2172 presenti
1138 2085 1226 2150 uerte
1247 2081 1393 2170 sigillum
1425 2081 1612 2150 6666611666
1633 2087 1743 2152 666166

365 2220 407 2286 16
421 2218 609 2286 Kanum
623 2220 777 2289 duximus
794 2223 1033 2311 apponendum
1078 2220 1158 2288 Hiis
1178 2219 1315 2288 testibus
1334 2217 1572 2288 venerabilibus
1592 2219 1740 2309 putribus

365 2355 530 2424 Hernico
549 2355 665 2424 sbbete
687 2358 728 2425 16
749 2357 906 2426 muers
935 2357 1064 2426 Trous
1085 2355 1202 2426 sbbste
1223 2359 1265 2424 de
1284 2355 1392 2425 Nm
1420 2357 1741 2426 1661661666666

365 2495 406 2562 16
422 2495 1084 2565 0666666666616111666661666666661
1102 2500 1136 2564 et
1156 2495 1288 2564 6661616
1309 2495 1447 2563 dominii
1468 2493 1742 2595 (16666666666

364 2636 399 2700 61
413 2632 623 2700 1166666616
638 2633 778 2701 dominis
799 2633 955 2702 chssno
977 2635 1020 2702 16
1040 2633 1316 2701 'Psusnnnvrnun
1344 2632 1368 2700 J
1369 2654 1512 2700 666666
1532 2633 1565 2701 le
1585 2633 1743 2702 Nounsns

364 2768 389 2837 J
390 2791 532 2838 omnus
546 2771 587 2838 de
601 2772 635 2837 16
648 2771 742 2839 8666
769 2771 869 2839 Enrs
883 2771 1015 2840 Bsssnn
1028 2770 1188 2841 militibus
1202 2776 1236 2840 61
1249 2771 1332 2840 eliis

408 2919 498 2988 Dete
521 2920 608 3009 epud
633 2919 805 2988 Κ666666
830 2921 1069 3012 qusrtedeeimo
1090 2893 1144 2989 die
1164 2921 1286 2988 mensis
1298 2919 1390 2989 11611
1410 2943 1498 2989 enno
1519 2921 1615 3010 regni
1636 2921 1742 3012 Regis

365 3057 537 3126 numm
552 3059 642 3127 tertii
656 3063 729 3147 post
743 3064 956 3149 eonquestum
969 3059 1132 3128 tricesimo
1146 3060 1273 3148 qusrto.

409 3209 481 3277 Nos
494 3232 570 3277 vero
584 3167 731 3298 61616166
745 3210 890 3279 1166666
903 3211 935 3280 16
949 3209 1155 3278 1166666666
1168 3209 1210 3276 16
1223 3208 1333 3297 grauis
1346 3211 1458 3275 666166
1471 3209 1601 3297 speeisli
1614 3231 1741 3278 666666-

365 3348 466 3416 emus
476 3349 628 3436 66666
636 3345 851 3438 burgensibus
861 3348 979 3417 6666
987 3354 1021 3416 et
1028 3369 1141 3416 eorum
1151 3347 1382 3414 66660666
1389 3329 1477 3432 quoe
1486 3346 1629 3415 66666
1636 3369 1742 3414 unum

365 3507 537 3554 messorem
563 3509 660 3575 super
684 3487 875 3575 (peeturem)
896 3507 1009 3554 eorum
1029 3484 1230 3553 6666166616
1252 3483 1378 3552 116666
1395 3507 1459 3572 que
1480 3507 1514 3553 66
1535 3485 1684 3554 extendit
1703 3485 1740 3552 in

363 3625 570 3712 longitudine
594 3624 636 3691 16
660 3623 797 3692 Osrrnr
820 3645 921 3711 usque
945 3623 988 3690 61
1013 3621 1139 3690 116666
1165 3622 1206 3691 de
1228 3620 1368 3689 Oomrr
1389 3625 1423 3690 et
1444 3623 1481 3690 in
1501 3623 1676 3690 latitudine
1698 3623 1740 3691 de

364 3761 616 3830 Knvnrcuruus
629 3785 731 3850 usque
745 3783 864 3850 nquem
879 3762 1103 3829 deeurrentem
1116 3761 1158 3828 de
1171 3759 1460 3828 166666666666
1474 3783 1576 3847 usque
1589 3759 1738 3828 Reme

363 3903 496 3990 quidem
518 3925 638 3970 messor
659 3903 687 3970 61
709 3902 826 3990 uliquis
847 3901 927 3970 elios
949 3905 1155 3989 preterquam
1173 3897 1350 3989 burgenses
1370 3900 1447 3967 ville
1468 3905 1577 3968 nostre
1595 3901 1737 3989 preditis

361 4039 508 4108 inveniet
529 4039 772 4130 euper‘dietnm
796 4044 963 4128 pmturem
987 4041 1257 4128 mmuopermtee
1281 4059 1357 4106 eum
1379 4061 1490 4105 eornm
1514 4039 1630 4106 averiis
1653 4040 1739 4128 ipsos

362 4177 535 4246 etteebien'
548 4178 649 4245 ieeist
662 4181 698 4245 et
710 4175 964 4245 sttsebiemente
979 4180 1143 4265 presentet
1156 4176 1200 4242 61
1212 4175 1417 4243 hundredum
1439 4176 1516 4244 ville
1535 4179 1644 4244 666166
1664 4198 1736 4265 pre·

363 4315 449 4383 11616
463 4320 497 4383 61
511 4315 577 4383 6161
591 4313 638 4382 sbi
652 4314 818 4384 smueieti
831 4315 1009 4382 seeundum
1021 4311 1239 4401 quantitatem
1252 4313 1372 4381 1611611.

408 4478 628 4546 Coneeseimus
641 4479 774 4568 insuper
787 4477 940 4566 pretioue
952 4475 1168 4566 burgensibus
1181 4475 1300 4544 nostris
1320 4479 1355 4544 et
1376 4497 1488 4543 eorum
1509 4475 1740 4546 66666666τί166

362 4638 464 4684 unum
477 4619 644 4704 pestnrum
658 4637 863 4684 eommunem
876 4619 1023 4684 16661666
1036 4615 1069 4683 16
1082 4613 1208 4682 Donnes
1222 4613 1265 4682 16
1278 4613 1431 4685 1166666
1449 4636 1513 4701 que
1534 4636 1569 4682 66
1590 4615 1740 4684 66166111
