4009 5434
788 617 1092 691 ccccxxxvn.

249 795 416 867 cnunc
439 795 508 866 cr
528 793 796 866 messan
820 795 1021 866 caum
1042 795 1102 864 nc
1124 793 1414 879 masura,
1436 793 1626 865 nanen-

359 935 455 1004 nnn
476 935 537 1004 cn
559 933 802 1006 mesenas
823 933 888 1003 m>
909 933 1064 1017 ownn,
1087 932 1148 1002 or
1173 932 1308 1036 naun
1334 933 1390 1003 m
1419 933 1626 1004 naussu-

359 1071 563 1142 rcucnn

843 1183 902 1274 [c.
920 1183 960 1253 e.
977 1181 1036 1274 n]

975 1349 997 1415 8
1019 1348 1100 1417 Jsu.
1146 1349 1188 1416 30
1211 1347 1312 1417 Han:
1335 1347 1439 1419 vm.
1486 1349 1582 1418 1539.

293 1511 406 1580 Sciant
414 1516 578 1600 presentes
588 1510 735 1579 etfuturi
746 1512 834 1598 quod
844 1533 906 1600 ego
916 1510 1137 1578 Mancinum
1147 1510 1292 1580 Jsruru
1303 1513 1344 1584 de
1352 1512 1627 1582 Tnnrrcrcncnn

125 1649 130 1656 ’
249 1648 362 1716 Ism
380 1648 470 1716 infra
488 1648 670 1716 dominium
689 1652 731 1717 de
750 1649 971 1718 Pnemuucn
991 1649 1091 1716 vidua
1110 1648 1146 1715 in
1166 1671 1239 1716 mea
1261 1672 1343 1738 pura
1365 1649 1531 1718 viduatate
1550 1651 1627 1719 dedi

249 1787 388 1854 concessi
410 1790 445 1853 ct
470 1786 532 1855 hcc
554 1787 696 1874 presenti
720 1793 809 1855 carta
831 1811 904 1854 mec
928 1787 1098 1855 indentata
1123 1787 1310 1854 confirmavi
1334 1787 1559 1854 Eurzssnrnn
1584 1810 1627 1875 ap

250 1923 361 1991 oens
375 1923 471 1991 verch
484 1923 662 1992 Nrcnonss
676 1947 719 2012 sp
734 1923 843 1991 Ownrs
864 1925 974 1993 emnia
991 1925 1174 2014 messuagia
1193 1929 1294 1993 terres
1308 1929 1342 1992 et
1355 1929 1540 1994 tenementa
1553 1947 1626 1992 mes

248 2085 324 2130 cum
344 2061 494 2130 omnibus
515 2061 582 2130 suis
605 2062 813 2150 pertinenciis
830 2085 893 2149 que
914 2061 1017 2129 habeo
1038 2062 1180 2150 jacentia
1200 2061 1236 2130 in
1259 2062 1373 2130 villata
1395 2066 1429 2130 et
1449 2063 1485 2129 in
1505 2063 1626 2150 campis

247 2201 289 2268 de
303 2199 578 2268 Tunrrcrcncrn
595 2199 683 2266 Icus
700 2199 943 2267 Rnssunrnrrr
987 2199 1065 2266 Luc
1085 2199 1346 2266 Mmrcunruou
1364 2204 1398 2267 et
1417 2197 1624 2276 Tussvurnn

248 2337 338 2405 infra
375 2337 557 2404 dominium
593 2339 635 2404 de
673 2337 892 2404 Pnsscrsucu
930 2336 1083 2424 predicte.
1140 2334 1342 2402 chendum
1381 2341 1415 2403 et
1449 2336 1628 2404 tenendum

249 2474 360 2542 cmnia
376 2473 520 2562 predicta
537 2474 719 2562 messuagia
735 2478 837 2541 terres
856 2477 890 2541 et
907 2477 1094 2541 tenementa
1113 2496 1187 2540 cum
1206 2472 1357 2541 omnibus
1376 2473 1442 2540 suis
1462 2472 1626 2560 pcrtinen-

249 2612 307 2680 ciis
325 2611 362 2679 in
379 2612 457 2679 locis
476 2611 708 2698 prenominatis
726 2611 869 2698 predicte
887 2609 1112 2678 Eumnnrnn
1129 2610 1301 2678 heredibus
1320 2615 1353 2679 et
1370 2611 1542 2699 assignatis
1561 2611 1627 2678 suis

247 2747 487 2836 imperpetuum
520 2749 562 2814 de
591 2747 783 2835 capitalibus
810 2747 950 2815 dominis
975 2748 1145 2814 feodorum
1173 2748 1304 2814 illorum
1333 2771 1391 2836 per
1418 2749 1565 2817 redditus
1593 2753 1627 2815 st

249 2885 381 2954 cercida
399 2885 477 2953 inde
496 2884 607 2953 debita
625 2891 660 2953 ct
678 2887 720 2952 de
739 2884 813 2973 jure
833 2888 992 2953 consuete.
1038 2883 1132 2952 Etsi
1152 2886 1321 2974 contingat
1339 2884 1483 2972 predicte
1502 2884 1625 2952 Erm—
1659 2891 1668 2912 ⁸

249 3045 364 3091 ansus
383 3023 452 3090 sine
470 3021 643 3091 heredibus
661 3025 703 3090 de
723 3046 852 3111 corpore
872 3047 930 3090 suc
948 3022 1095 3110 legitime
1115 3022 1308 3090 exeuntibus
1326 3022 1414 3090 obire
1434 3023 1522 3110 quod
1541 3020 1626 3090 absit

248 3161 337 3246 quod
350 3163 470 3227 extunc
488 3158 561 3226 volo
580 3163 614 3227 et
633 3161 771 3227 concedo
789 3181 847 3246 per
865 3164 1028 3246 presentes
1047 3161 1135 3247 quod
1154 3161 1263 3227 omnia
1281 3160 1426 3247 predicte
1444 3160 1625 3247 messuagia

247 3305 350 3366 terras
372 3304 407 3365 et
428 3294 615 3366 tenementa
636 3297 781 3384 predicta
809 3321 883 3364 cum
912 3297 1062 3366 omnibus
1090 3298 1156 3365 suis
1182 3297 1390 3385 pertinenciis
1418 3298 1545 3386 integre
1573 3321 1622 3365 re·

248 3441 402 3504 maneant
415 3435 440 3504 J
439 3456 552 3502 nuncu
567 3435 663 3502 verch
677 3433 791 3501 Hecu
806 3433 1003 3502 Wruumus.
1048 3435 1251 3502 Habendum
1270 3441 1304 3502 et
1320 3436 1498 3503 tenendum
1515 3435 1624 3503 omnia

154 3643 161 3654 ⁶
245 3571 429 3659 messuagis
455 3576 558 3638 terras
585 3575 620 3638 et
646 3576 833 3639 tenementa
860 3571 1005 3658 predicte
1034 3595 1108 3639 cum
1137 3572 1287 3640 omnibus
1322 3571 1389 3641 suis
1416 3572 1624 3660 pertinenciis

246 3708 373 3796 pretate
394 3708 419 3777 J
419 3731 531 3775 nuere
557 3708 728 3776 heredibus
751 3714 785 3777 et
807 3708 979 3796 asignsts
1003 3710 1071 3777 suis
1095 3710 1334 3796 imperpetuum
1362 3711 1403 3776 de
1432 3708 1624 3796 capitalibus

241 3847 388 3930 ,dominis
404 3845 574 3914 iecdcmm
596 3846 727 3913 illorum
746 3869 804 3934 per
822 3845 968 3912 redditus
991 3849 1025 3913 et
1047 3846 1180 3914 servicis
1202 3847 1279 3914 inde
1302 3846 1412 3914 debita
1435 3853 1468 3915 et
1490 3849 1531 3914 de
1549 3847 1624 3934 jure

246 3988 407 4052 consucta.
457 3983 560 4052 Etsi
590 3984 759 4072 contingat
786 3983 930 4071 predicte
958 3983 1097 4050 Jnnnra
1123 3983 1194 4050 ‘sine
1223 3983 1394 4053 heredibus
1423 3987 1463 4052 dc
1493 4007 1622 4072 corpere

246 4144 304 4189 suc
326 4120 472 4210 legitime
497 4121 691 4189 exeuntibus
713 4120 802 4189 obire
824 4123 913 4207 quod
935 4125 1055 4187 extunc
1077 4120 1151 4186 vclc
1174 4126 1208 4189 et
1226 4123 1364 4189 concedo
1383 4143 1441 4210 per
1460 4125 1622 4208 presentes

245 4261 333 4348 quod
347 4260 456 4328 emnia
472 4260 618 4347 predicta
635 4259 818 4347 mesnagis
838 4263 940 4326 terres
959 4263 993 4326 et
1011 4262 1196 4326 tenementa
1215 4244 1359 4345 predicta
1380 4281 1453 4324 cum
1473 4253 1623 4324 omnibus
