4009 5434
1617 698 1683 769 255

341 1012 1257 1106 puffipesmiepnetuuisboeoiesuboeu‘eetuedditibm
1276 1036 1403 1087 neouou
1424 1036 1499 1085 omn
1520 1012 1670 1085 omnibus
1690 1018 1726 1087 ot

340 1153 489 1243 duguiis
520 1151 804 1225 momentu
838 1152 1066 1245 emolumentis
1102 1158 1136 1225 et
1168 1153 1319 1244 proiiouie
1347 1152 1590 1241 quibusonnque
1618 1151 1725 1223 uum

341 1290 495 1359 menum
520 1290 791 1379 queiitermuque
826 1289 1064 1379 pertinsntubus
1094 1292 1162 1361 n've
1194 1289 1414 1381 spectantibus
1456 1288 1658 1361 Hebendum
1687 1291 1725 1361 et

343 1429 528 1501 teneudmu
549 1428 731 1517 mediotum
753 1428 1032 1499 menesiummm
1055 1426 1724 1518 omnibusetsiuguiissuispmtiuentiie

345 1566 1228 1657 noeoinmtsrristeuemeutiepretiepesouispneturie
1248 1566 1351 1637 bostis
1371 1565 1513 1651 suboeoie
1534 1570 1568 1635 st
1588 1564 1723 1635 mdditi·

345 1704 472 1773 siitibus
495 1727 622 1775 nemon
646 1726 722 1775 oum
741 1701 893 1773 omuibm
916 1709 952 1773 ot
972 1704 1113 1794 siugulis
1135 1703 1417 1777 uommoditetibus
1440 1702 1667 1775 emolumentis
1680 1708 1723 1773 'et

345 1844 498 1933 prooem
523 1844 769 1933 quibuscunque
798 1846 904 1917 eidem
929 1844 1075 1917 monerio
1100 1843 1366 1931 quniitsuuuuqus
1391 1840 1627 1931 pertinentibus
1654 1840 1722 1911 sive

346 1980 567 2070 speotnnbbus
593 1981 721 2071 penu
745 1980 902 2052 Howmo
922 1982 1046 2051 omn
1071 1980 1243 2051 heredibus
1266 1984 1299 2050 et
1321 1978 1494 2069 adpetis
1516 1979 1583 2047 suis
1602 1978 1721 2067 impsu-

344 2121 492 2207 petunm.
536 2117 718 2187 Reddsudo
743 2119 820 2189 iude
841 2121 1014 2189 nuuuntim
1037 2118 1131 2188 nobie
1155 2124 1188 2189 et
1213 2084 1443 2189 suuoeeeoribus
1465 2120 1583 2188 nosti-ie
1600 2118 1718 2207 imper·

346 2260 484 2344 potuum
511 2256 650 2345 triginte
677 2260 711 2325 et
738 2279 843 2325 unum
871 2256 990 2325 solidos
1025 2256 1141 2345 legalis
1176 2260 1306 2325 monete
1340 2256 1490 2325 Ausum
1545 2254 1723 2325 &luendus

347 2414 473 2481 semper
493 2394 537 2461 mi
557 2394 690 2461 {iustum
710 2392 823 2461 Snnoti
841 2392 1041 2461 Muennms
1062 2391 1248 2482 emhengeli
1261 2415 1320 2481 pro
1334 2388 1484 2460 omuibus
1498 2390 1571 2458 eliis
1584 2389 1722 2459 servitiis

346 2530 569 2598 exnutiombus
582 2534 616 2597 et
629 2531 798 2599 demendis
812 2532 909 2599 solvis
923 2532 1018 2599 sestis
1033 2530 1121 2599 ourie
1136 2533 1243 2597 nostro
1258 2532 1292 2597 st
1310 2548 1525 2597 suooemorum
1538 2531 1722 2595 nostrorum

259 2648 264 2657 ’
346 2666 477 2737 ibidem.
522 2666 570 2737 m
584 2690 643 2737 nos
661 2691 736 2738 vero
758 2668 934 2739 Gnonoms
955 2669 1141 2737 untediotus
1162 2671 1195 2735 et
1216 2686 1408 2735 suooessores
1425 2664 1527 2733 nostui
1540 2664 1721 2755 prediotum

347 2806 528 2874 manerium
538 2828 612 2874 oum
623 2806 773 2873 omnibus
782 2810 815 2874 et
825 2807 965 2895 singuiis
973 2806 1040 2897 suis
1049 2806 1254 2893 peutinentiis
1264 2830 1302 2874 no
1312 2806 1413 2874 ouium
1423 2804 1517 2873 tomis
1527 2804 1721 2873 tenementis

345 2943 447 3033 protis
460 2943 586 3032 posonio
598 2944 739 3033 pestus-ie
752 2942 855 3011 boeois
873 2942 1037 3012 subbosoie
1055 2948 1087 3011 et
1102 2942 1281 3013 sedditibus
1294 2964 1421 3011 neonon
1434 2964 1508 3011 oum
1523 2940 1673 3009 omnibus
1686 2944 1720 3009 et

347 3079 486 3168 singulis
520 3079 801 3148 uommoditntibus
837 3081 1063 3149 emolumentis
1099 3085 1133 3149 st
1166 3082 1315 3169 pmiiuuis
1343 3081 1585 3168 quibuscunque
1614 3078 1720 3146 eidem

346 3214 490 3283 monerio
512 3214 777 3301 qunliterounque
798 3215 1035 3302 pertiuentibm
1059 3218 1125 3285 sivo
1153 3215 1373 3305 speutentibus
1394 3216 1538 3303 predioto
1563 3214 1719 3283 nomm
1775 3186 1778 3193 ’

347 3351 468 3419 Onnum
494 3350 667 3419 heredibus
694 3355 728 3418 et
755 3350 928 3440 essignntis
957 3354 1024 3421 suis
1054 3354 1294 3442 impeupetuum
1322 3358 1435 3420 uontre
1464 3373 1575 3419 omnes
1604 3355 1718 3440 gentes
1813 3440 1816 3449 ι

345 3489 626 3557 wmentimbimus
638 3493 673 3558 et
686 3490 906 3558 defendemus.
953 3492 1019 3560 Sed
1033 3493 1060 3560 si
1075 3494 1222 3581 oontiget
1236 3494 1344 3581 utiquo
1359 3496 1502 3579 tempore
1517 3492 1553 3558 in
1568 3490 1718 3557 iutumm

344 3627 505 3715 prediotoe
525 3628 673 3695 redditus
692 3628 832 3717 migintn
849 3634 883 3696 ot
906 3630 1004 3696 unius
1026 3630 1201 3697 solidorum
1225 3631 1260 3697 in
1279 3633 1371 3717 perte
1390 3628 1443 3696 vel
1464 3628 1500 3695 in
1521 3633 1591 3695 toto
1612 3630 1718 3696 erstm

345 3785 414 3830 esse
430 3785 499 3830 non
519 3764 642 3832 solutos
661 3787 721 3853 per
741 3765 884 3853 sponium
906 3767 1046 3855 tuigintn
1067 3768 1192 3835 diorum
1213 3766 1399 3835 immediato
1421 3764 1624 3853 sequentium
1644 3768 1718 3853 post

344 3900 478 3969 fleetum
514 3902 626 3969 Seuoti
661 3901 858 3969 Mucmnnm
895 3902 1096 3991 muhiengeli
1131 3904 1392 3993 prenominatum
1421 3907 1455 3970 st
1482 3900 1718 3990 prelimitetum

343 4038 432 4126 quod
467 4042 547 4105 tuno
581 4038 664 4105 bene
701 4038 828 4106 liouerit
863 4038 956 4107 nobie
991 4046 1026 4109 et
1061 4041 1292 4109 suooossoribus
1322 4040 1439 4108 nostris
1471 4040 1508 4105 in
1535 4037 1716 4127 prediotum

342 4176 526 4245 manerium
546 4180 694 4243 nostrum
707 4198 782 4243 oum
795 4175 946 4245 ommbue
960 4180 993 4244 et
1008 4178 1147 4267 singulis
1160 4180 1226 4245 suis
1239 4177 1444 4268 pertinentiis
1458 4200 1496 4244 oo
1509 4176 1609 4244 etiem
1622 4174 1716 4243 tem-is

341 4313 537 4382 tenementis
550 4313 652 4401 protis
665 4314 790 4400 pnseuis
803 4314 943 4401 peetmis
956 4314 1059 4382 bosois
1078 4313 1240 4382 subbosoie
1261 4319 1294 4384 et
1308 4313 1487 4383 redditibus
1500 4333 1627 4381 neonou
1640 4334 1715 4381 uum

342 4448 495 4519 ommbus
509 4454 542 4518 et
556 4450 694 4540 siugulis
707 4450 989 4519 oommoditntibus
1003 4452 1229 4519 emolumentis
1247 4456 1281 4519 et
1301 4452 1451 4541 protiosus
1472 4448 1715 4538 quibueounqus

344 4588 451 4657 eidem
460 4588 1165 4679 muneriopeitiuentibusetqunliterouuque
1173 4589 1391 4680 speutentibus
1398 4588 1554 4657 reintrem
1562 4586 1715 4655 rehebsre
