4009 5434
1565 672 1628 740 119

300 982 680 1053 dommetbereder
701 985 752 1053 rui
773 984 898 1053 dietum
918 982 1138 1073 mesuagium
1159 1005 1235 1052 oum
1255 983 1670 1074 diotoortoetprediotas

268 1120 1218 1211 ,hoeamaeterreetduasaorurpratioumpertinenoiie
1238 1122 1305 1191 suis
1325 1122 1453 1213 pretato
1471 1120 1670 1194 Wmuaurro

299 1257 468 1329 heredibus
482 1266 517 1327 et
531 1259 704 1349 resignatis
724 1260 792 1329 suis
812 1259 848 1328 in
863 1258 969 1329 forma
982 1260 1127 1349 prediote
1140 1264 1253 1329 ooutra
1266 1282 1378 1329 omnes
1390 1264 1506 1360 genter
1517 1260 1670 1330 manti·

300 1395 418 1465 nabunt
432 1400 465 1465 et
480 1397 657 1467 defendent
670 1420 729 1487 per
742 1392 915 1487 presentes.
949 1396 993 1465 In
1007 1396 1102 1487 eujus
1114 1398 1163 1466 roi
1175 1397 1397 1467 testimonium
1410 1397 1474 1466 biis
1486 1397 1671 1467 indenturia

299 1538 403 1622 partae
423 1532 570 1622 prediote
592 1534 702 1624 sigillo
722 1556 782 1605 sua
802 1534 989 1603 alternatim
1010 1537 1239 1623 apposuerunt
1283 1530 1363 1601 Hiis
1383 1532 1521 1601 testibus
1541 1531 1670 1602 Tuorm

299 1667 518 1739 Hunorum
555 1670 718 1740 Rornuro
739 1671 844 1741 Tuon
879 1670 1048 1741 Jonrruea
1068 1672 1111 1739 de
1131 1668 1288 1738 &Aaou
1304 1675 1338 1737 et
1351 1670 1434 1739 aliis
1478 1668 1569 1739 Data
1581 1670 1670 1761 apud

301 1806 930 1899 Corrrrrsertodiemeusishprilir
955 1808 1161 1898 annoregni
1187 1806 1671 1898 Regisflrrmroreextipoet

301 1950 507 2034 oonquestum
528 1945 653 2032 quinto.

338 2080 412 2150 deal
433 2082 507 2149 lost

345 2228 462 2279 Ialeeton
472 2231 495 2279 ie
504 2245 520 2279 a
530 2230 614 2291 parirh
624 2230 673 2279 and
688 2244 775 2280 maror
784 2245 844 2280 uear
855 2230 945 2294 com,
960 2232 1010 2281 and
1025 2233 1047 2281 Ιι
1061 2233 1116 2281 eald
1130 2238 1158 2281 to
1174 2232 1259 2283 derivo
1274 2232 1309 2281 lte
1324 2245 1397 2281 namo
1412 2232 1478 2280 trom
1491 2244 1525 2279 au
1539 2230 1661 2281 arohltaot

306 2315 430 2376 employed
440 2316 475 2377 by
486 2314 529 2362 the
539 2314 662 2362 Hermann
672 2314 698 2361 in
709 2315 765 2363 that
774 2314 881 2377 district,
895 2316 942 2364 but
955 2316 1007 2365 this
1016 2317 1039 2364 is
1048 2316 1091 2366 the
1106 2316 1167 2378 only
1181 2316 1274 2364 known
1288 2315 1405 2365 evidauoe
1414 2316 1442 2364 ot
1455 2330 1472 2365 a
1485 2328 1576 2377 person
1590 2315 1661 2363 brar·

305 2396 346 2459 lug
354 2399 410 2447 that
421 2410 493 2447 nume
503 2400 530 2446 iu
541 2398 583 2447 the
595 2397 724 2459 Lordahip.
808 2422 814 2433 ·

881 2634 1081 2705 OGOXLII.

323 2790 399 2860 SIR
428 2790 559 2861 JOHN
588 2792 874 2877 STRADLING,
907 2792 1072 2862 GRANT
1100 2792 1160 2862 ΤΟ
1189 2794 1346 2864 JnvAN
1376 2794 1441 2864 ΔΡ
1469 2794 1634 2865 DAVID.

884 2942 942 3033 [G.
959 2942 1000 3013 G.
1017 2942 1076 3033 R]
1108 2958 1117 2963 “

1035 3095 1076 3161 31
1100 3093 1194 3164 Mar.
1240 3094 1390 3163 anrez
1414 3094 1478 3165 VL
1524 3095 1620 3162 1427.

334 3242 495 3311 Omnibus
509 3240 630 3310 Christi
648 3240 798 3310 fidelibus
811 3242 854 3309 ad
868 3265 948 3330 quos
959 3266 1089 3331 presens
1100 3243 1255 3332 seriptum
1265 3244 1472 3313 indentatum
1482 3246 1664 3334 pervenerit

292 3376 313 3446 J
314 3402 473 3449 oneremus
487 3380 693 3449 Summo
707 3380 801 3447 miles
815 3380 952 3447 salutem
966 3380 1002 3447 in
1017 3380 1150 3447 domino
1164 3380 1401 3469 sempiternum
1431 3380 1598 3450 Noveritis
1611 3406 1665 3452 me

291 3516 413 3585 dedisse
427 3518 614 3585 concessisse
628 3522 663 3586 et
676 3518 738 3585 hoo
751 3519 893 3607 presenti
908 3518 1026 3605 seripto
1040 3541 1113 3585 meo
1130 3518 1300 3586 indentato
1322 3518 1524 3586 ooufirmeeee
1545 3517 1570 3587 J
1569 3542 1663 3587 uvru

292 3676 330 3743 ap
344 3656 464 3724 Devm
478 3679 520 3745 ep
536 3654 716 3723 Gwruurrr
737 3610 820 3723 dues
841 3678 930 3723 sores
952 3660 985 3722 et
1008 3655 1178 3721 dimidiam
1200 3660 1284 3723 terre
1305 3679 1380 3723 eum
1400 3656 1607 3744 pertineuoiie
1627 3657 1664 3723 iu

291 3792 428 3861 Oorrrrr
448 3797 559 3863 vooete
580 3793 747 3861 Porrnrus
761 3791 860 3860 loun
878 3795 914 3859 in
936 3801 1029 3882 perte
1050 3793 1200 3861 orientali
1223 3794 1288 3860 alte
1309 3794 1362 3861 vie
1384 3800 1493 3861 vocate
1514 3791 1662 3860 Uruourr

289 3928 387 4001 Wuu.
427 3930 629 3999 Habonium
644 3935 678 3999 ot
693 3932 870 3999 tenendum
883 3930 1044 4020 predictas
1059 3932 1141 3998 duas
1154 3922 1291 4017 aoraeet
1305 3930 1474 3998 dimidiam
1487 3934 1572 3997 terre
1588 3952 1663 3999 oum

289 4068 493 4156 pertinenciis
517 4069 646 4158 prelato
669 4068 787 4137 Juvurs
816 4068 987 4136 heredibus
1012 4074 1045 4137 et
1070 4068 1242 4157 maiguatis
1267 4068 1334 4136 suis
1357 4068 1596 4155 imperpetuum
1620 4068 1663 4135 de

288 4205 477 4295 oapitalibus
505 4206 646 4274 dominis
675 4206 764 4274 leodi
792 4205 881 4273 illius
910 4230 968 4295 per
994 4208 1140 4274 redditus
1169 4211 1203 4273 et
1227 4205 1360 4273 eervioie
1387 4204 1463 4271 inde
1493 4203 1603 4272 debita
1626 4208 1661 4273 et

287 4348 438 4411 oonsueta
466 4349 500 4412 et
528 4344 692 4413 reddendo
722 4344 821 4413 miehi
849 4343 1022 4412 heredibus
1050 4349 1084 4411 et
1109 4343 1283 4433 migratis
1311 4342 1391 4409 meis
1413 4341 1533 4429 viginti
1556 4362 1660 4408 uuum

288 4480 434 4550 denarios
447 4481 491 4548 ad
505 4483 624 4549 festum
639 4482 751 4550 Senoti
766 4482 964 4551 Mrcuanms
978 4480 1149 4549 annuatim
1170 4486 1203 4547 et
1225 4480 1368 4568 quinque
1389 4478 1507 4545 eolides
1528 4478 1659 4545 nomine

287 4615 415 4687 beriotti
429 4622 503 4707 post
517 4618 681 4687 deoessum
703 4620 783 4687 dieti
804 4619 921 4688 Juvar
944 4620 1100 4687 heredum
1122 4619 1174 4688 vel
1196 4619 1431 4706 assignatorum
1454 4636 1585 4683 suorum
1606 4614 1661 4683 rel
