4009 5434
828 987 1092 1063 OOLXXXHI.

325 1163 609 1239 emh-ouem
644 1163 712 1232 er
748 1163 943 1232 enonas
979 1161 1193 1231 n’avune
1230 1161 1289 1230 uo
1326 1161 1600 1232 muweorn

259 1277 268 1288 ’
767 1313 831 1382 ΑΡ
863 1311 1019 1382 nsvin
1051 1311 1156 1381 eon.

866 1475 924 1566 [G.
941 1475 981 1544 G.
997 1473 1056 1564 R]

997 1641 1036 1706 ll
1053 1638 1194 1706 Mrem
1240 1641 1284 1706 26
1299 1639 1372 1706 En:
1388 1639 1458 1707 111.
1506 1641 1601 1707 1352.

314 1805 471 1872 Omnibus
481 1803 602 1872 Christi
612 1801 761 1870 fidelibus
771 1823 901 1890 presens
912 1801 1068 1888 seriptum
1078 1801 1196 1868 visuris
1206 1801 1258 1870 vel
1272 1802 1442 1868 audiendis
1457 1803 1490 1851 ‘¹’
1499 1800 1646 1869 Tuouss

276 1942 424 2010 Davsns
439 1941 590 2008 domiuus
603 1941 644 2008 de
658 1937 797 2007 Krnvrr
812 1937 949 2006 sulutem
967 1937 1004 2005 in
1027 1937 1179 2007 Domino.
1224 1939 1390 2006 Noveritis
1410 1961 1470 2006 nos
1490 1940 1648 2008 remisisse

275 2080 433 2146 relaxasse
448 2083 481 2146 et
500 2077 632 2146 omuino
651 2100 710 2166 pro
731 2075 825 2144 nobis
846 2081 880 2142 et
902 2075 1074 2142 heredibus
1095 2075 1212 2142 nostris
1234 2098 1272 2142 eo
1293 2077 1465 2166 assignetis
1486 2077 1644 2165 quietam·

276 2217 427 2284 damasso
440 2215 678 2302 imperpetuum
692 2212 883 2282 stsnino
898 2235 940 2300 ep
953 2211 1074 2280 Davus
1097 2213 1174 2282 Gon
1195 2236 1237 2301 sp
1258 2212 1282 2282 J
1285 2236 1376 2280 svau
1400 2238 1441 2302 ep
1463 2214 1583 2281 Davus
1604 2237 1646 2302 sp

275 2351 451 2420 stsnrn
474 2356 506 2419 et
528 2351 699 2420 heredibus
720 2353 786 2420 suis
808 2375 845 2420 oo
867 2353 1039 2441 assignetis
1060 2355 1167 2420 totum
1189 2351 1245 2439 jus
1266 2363 1412 2418 nostrum
1433 2357 1467 2420 et
1487 2353 1646 2420 olameum

274 2490 361 2578 quod
390 2487 546 2555 hebemus
568 2487 741 2556 babuimus
764 2510 820 2556 seu
845 2489 954 2576 aliquo
980 2489 1076 2556 modo
1099 2490 1140 2556 de
1160 2489 1235 2576 jure
1257 2488 1375 2556 bebere
1399 2489 1565 2576 potuimus
1588 2511 1646 2557 seu

274 2625 451 2713 poterimus
464 2625 499 2690 in
515 2623 664 2692 omuibus
677 2625 866 2714 mesmegiis
887 2627 982 2693 terris
1004 2633 1037 2695 et
1058 2628 1251 2694 tenementis
1268 2626 1369 2714 prstis
1383 2631 1416 2694 et
1431 2627 1529 2695 vestis
1543 2650 1644 2714 quon·

274 2765 349 2832 dam
365 2761 531 2830 (inmuni
547 2785 588 2850 ep
603 2761 736 2830 Menon
746 2785 789 2850 sp
801 2761 954 2830 Gsrrrrn
972 2765 1092 2853 ubique
1106 2766 1141 2831 in
1157 2766 1301 2833 dominio
1314 2771 1425 2832 nostro
1439 2767 1480 2832 de
1494 2765 1644 2834 Krnvnr.

274 2900 329 2968 Its
342 2900 492 2967 videlieet
506 2900 594 2986 quod
608 2923 667 2967 nee
680 2923 739 2968 nos
752 2901 916 2989 predictus
927 2900 1075 2969 Tnouss
1087 2899 1238 2967 Davsus
1252 2923 1312 2968 nee
1325 2901 1458 2969 heredes
1470 2903 1573 2968 nostri
1586 2925 1646 2970 neo

273 3037 391 3124 uliquis
410 3059 470 3126 per
490 3059 550 3104 nos
569 3059 629 3125 pro
650 3035 743 3104 nobis
764 3060 821 3104 seu
842 3037 974 3105 nomine
995 3043 1106 3106 nostro
1128 3037 1260 3125 aliquod
1284 3038 1368 3125 juxis
1392 3038 1446 3106 vel
1469 3039 1583 3106 ulemei
1608 3041 1644 3108 in

273 3175 425 3262 prodistis
439 3173 629 3264 messuagiis
642 3174 737 3241 terris
751 3179 785 3242 et
798 3176 991 3242 tenementis
1004 3177 1107 3264 pretis
1121 3182 1155 3243 et
1168 3177 1267 3243 vestis
1281 3199 1355 3243 eum
1368 3177 1574 3264 pertiuentiis
1587 3199 1644 3247 seu

273 3312 307 3378 in
337 3311 448 3398 eliqus
475 3315 567 3399 perte
595 3311 770 3378 eorundem
799 3311 929 3400 erigere
958 3313 1097 3380 elamore
1125 3334 1183 3381 seu
1210 3313 1380 3381 vendioere
1404 3313 1559 3382 debemus
1587 3319 1644 3382 eut

273 3449 450 3536 poterimus
464 3449 520 3516 sed
533 3472 591 3536 per
604 3451 767 3536 presentes
781 3447 858 3516 inde
872 3471 983 3516 sumus
1006 3450 1127 3518 exelusi
1140 3450 1388 3538 imperpetuum.
1433 3449 1478 3517 111
1492 3451 1583 3538 eujus
1596 3451 1644 3518 rei

273 3586 495 3654 testimonium
514 3585 590 3652 hoio
610 3585 751 3674 presenti
773 3585 1072 3672 quietsolamsoioni
1092 3587 1238 3675 sigillum
1258 3593 1405 3656 nostrum
1427 3589 1641 3676 opposuimus

273 3721 351 3789 Hiis
365 3721 502 3788 testibus
513 3720 607 3788 Rsss
618 3744 659 3810 sp
670 3719 825 3790 Home
835 3745 876 3811 sp
887 3721 1044 3789 Monosn
1083 3721 1245 3790 Bonum
1257 3746 1299 3811 sp
1310 3721 1484 3790 (insnum
1497 3721 1642 3790 emm

273 3857 485 3929 Wunrnnuo
499 3857 579 3925 Dur
595 3882 636 3946 ep
651 3857 795 3926 Mnunio
808 3857 982 3927 Vononen
1019 3857 1150 3926 Menon
1165 3859 1248 3928 Wu.
1285 3859 1459 3928 Gmrrmo
1473 3884 1515 3949 sp
1529 3859 1646 3926 omn

271 4020 314 4086 sp
328 3996 508 4066 stsnrn
523 4001 556 4064 et
573 3997 685 4064 multis
706 3997 788 4064 aliis
834 3995 960 4063 Dstum
974 3999 1009 4064 et
1023 3996 1205 4063 eonfeetum
1220 3997 1307 4085 apud
1321 3995 1462 4063 Kruvnr
1475 3996 1645 4063 undeoimo

272 4135 324 4204 die
353 4135 471 4202 Martii
495 4157 581 4203 suno
606 4135 701 4224 regni
727 4135 829 4224 Regis
851 4134 1022 4201 Euwanm
1050 4133 1141 4200 teroii
1163 4138 1237 4220 poet
1262 4139 1471 4218 eonquestum
1496 4133 1645 4200 vioesimo

270 4277 372 4342 sexto.
422 4271 510 4360 (Sosi
523 4273 610 4360 lost.)

678 4434 717 4496 (1)
733 4433 841 4482 Thomas
850 4433 951 4483 Dareus
961 4432 983 4480 is
992 4431 1101 4480 Thomas
1110 4433 1141 4480 de
1150 4433 1244 4482 Avens.
