4009 5434
377 698 444 764 266

334 1016 369 1078 et
381 1010 521 1077 retinere
534 1014 568 1077 et
580 1010 618 1077 in
634 1009 772 1097 pristino
792 1013 882 1077 stotn
899 1010 1010 1098 quiete
1031 1016 1130 1099 etque
1149 1010 1280 1099 psoifloe
1301 1012 1461 1100 possidere
1483 1034 1521 1081 no
1541 1011 1710 1101 prensum

334 1146 523 1215 Howesnrr
551 1146 672 1215 (isene
700 1147 834 1215 heredes
860 1150 894 1215 et
921 1148 1101 1236 omignstos
1126 1170 1200 1217 snos
1224 1171 1432 1238 quosounqne
1455 1149 1498 1218 sb
1522 1150 1708 1239 supradicto
1736 1140 1744 1153 ⁸

333 1285 477 1352 monerio
491 1284 585 1351 terris
603 1268 798 1353 tenementis
813 1286 916 1374 protis
934 1286 1060 1373 posonis
1077 1286 1217 1374 postmis
1230 1286 1332 1355 bosois
1346 1286 1508 1355 snbbosois
1522 1291 1557 1356 st
1569 1287 1704 1355 redditi·

332 1422 394 1491 bus
410 1422 528 1491 nostris
541 1444 667 1490 neonon
680 1444 756 1491 oum
769 1421 920 1491 omnibns
933 1428 967 1490 st
980 1422 1119 1512 singolis
1135 1424 1417 1501 sommoditstibns
1432 1424 1656 1493 emolumentis
1670 1429 1705 1493 et

331 1560 482 1649 predonis
496 1560 739 1648 quibusounque
752 1561 858 1629 eidem
871 1562 1016 1629 monerio
1033 1560 1270 1649 pertinentibus
1283 1564 1317 1629 et
1328 1561 1547 1651 speotnntssons
1560 1561 1705 1629 totaliter

332 1698 493 1787 expellere
507 1702 540 1766 et
553 1720 717 1765 removere
738 1720 804 1766 non
826 1696 967 1766 obstnnti
987 1697 1049 1765 hoo
1069 1699 1211 1786 presenti
1231 1698 1350 1788 soripto
1368 1704 1479 1769 nostro
1492 1700 1704 1769 oonoessionis

333 1842 431 1923 etque
448 1835 642 1904 donsoionis.
687 1834 731 1903 In
750 1835 844 1923 eujus
862 1835 910 1903 rei
928 1836 1151 1903 testimonium
1172 1836 1317 1925 sigillum
1336 1841 1484 1905 nostrum
1503 1836 1706 1925 presentibus

331 1973 452 2062 opponi
465 1973 610 2041 feoimus.
647 1972 773 2041 Datum
787 1975 875 2063 opnd
890 1974 1140 2042 chrrsnowrrn
1154 1979 1263 2070 nostro
1276 1974 1313 2041 in
1330 1974 1448 2063 ospioio
1464 1975 1633 2043 nndeoimo
1647 1975 1704 2042 dio

248 2206 252 2211 ι
332 2112 452 2179 mensis
465 2109 653 2179 Decembris
666 2134 753 2179 enno
768 2111 892 2180 domini
905 2112 1077 2179 millesimo
1095 2112 1356 2201 quingentesimo
1375 2112 1526 2181 vioesimo
1544 2112 1648 2201 primo
1669 2118 1705 2181 et

333 2252 442 2317 nostre
456 2248 701 2317 oonseorstionis
714 2272 801 2317 enno
815 2250 938 2338 quinto.

270 2399 273 2415 ¹
378 2386 450 2455 'I'he
463 2388 530 2455 seni
543 2388 572 2454 ie
586 2409 681 2475 gone.

386 2524 485 2586 Georgo
495 2525 618 2587 Atheqnn,
631 2526 662 2574 de
674 2524 762 2574 Attiou
777 2539 806 2574 or
819 2525 917 2585 Attion,
931 2539 983 2574 m
997 2525 1041 2574 the
1055 2524 1163 2585 Epnnish
1176 2524 1292 2585 ohsphin
1307 2526 1365 2573 who
1379 2538 1449 2573 earne
1463 2538 1522 2573 over
1536 2525 1599 2574 with
1613 2523 1697 2583 Qnsen

342 2608 480 2658 Kstherine
499 2611 526 2658 ot
547 2612 657 2670 drogon,
675 2610 726 2658 end
745 2610 802 2658 who
821 2623 873 2658 ves
887 2609 947 2657 thus
961 2610 1080 2670 provided
1095 2610 1141 2657 ior.
1171 2609 1317 2671 Appointed
1332 2610 1391 2657 nm
1405 2608 1472 2671 reb„
1488 2610 1563 2671 15173
1584 2610 1698 2669 resigned

342 2693 477 2755 February,
493 2695 584 2744 letti.
613 2694 653 2743 He
667 2696 802 2745 eonveroed
816 2695 860 2743 the
874 2694 998 2743 lensehold
1013 2694 1068 2742 into
1082 2708 1099 2743 n
1112 2694 1231 2743 ireehoid.
1260 2692 1338 2745 west
1353 2694 1403 2743 dne
1418 2694 1450 2743 he
1463 2695 1574 2745 reosived
1585 2695 1625 2742 tor
1640 2695 1699 2742 thos

341 2776 482 2839 stimme
494 2794 511 2827 n
525 2792 613 2827 mmor
627 2780 692 2827 trorn
707 2780 750 2829 tho
765 2793 806 2827 sss
819 2780 879 2827 does
893 2784 939 2827 not
954 2792 1054 2840 oppenr.

916 3038 1126 3108 ccccxvi.

335 3188 701 3260 OONFIRMATION
740 3188 809 3258 BY
847 3189 947 3257 THE
984 3188 1209 3259 OHAPTER
1249 3190 1310 3260 OF
1347 3190 1609 3261 LLANDAFF
1646 3190 1708 3259 OF*

443 3327 543 3395 ΤΗΕ
594 3326 805 3396 BISHOP’S
859 3328 1023 3397 GRAN'P
1080 3328 1141 3397 OF
1196 3328 1328 3397 NASH
1385 3328 1442 3398 IN
1496 3328 1591 3397 Fsm
1646 3326 1708 3395 ΤΟ

442 3462 623 3535 HOWEL
659 3464 830 3534 CARNE.

884 3576 1023 3667 [om
1044 3576 1159 3667 Μεθ’]
1198 3665 1345 3734 erse.
1384 3666 1479 3733 1521.
1528 3664 1657 3755 [1522]

378 3801 550 3871 Universis
563 3806 671 3871 snnote
684 3803 798 3871 metris
812 3802 940 3870 soolesie
954 3802 1030 3869 filiis
1045 3804 1086 3869 ed
1102 3825 1238 3890 quorum
1252 3804 1406 3872 notioiem
1427 3808 1590 3891 presentes
1610 3803 1703 3871 litere

333 3936 539 4024 pervenerint
567 3937 808 4006 mohidiooonus
833 3943 867 4006 et
888 3938 1067 4027 oepitnlum
1092 3940 1220 4008 emlesis
1248 3941 1440 4010 onthedrnlis
1463 3942 1707 4013 mensum

333 4074 472 4142 sulutem
484 4076 521 4143 in
535 4098 573 4141 eo
587 4076 644 4162 qni
657 4080 707 4143 est
720 4077 866 4144 omnium
880 4099 956 4145 vers
969 4078 1063 4145 selus.
1106 4076 1273 4147 Noreritis
1291 4100 1350 4147 nos
1363 4078 1538 4167 inspexisse
1552 4080 1707 4168 seriptum

333 4212 501 4279 reverendi
519 4212 555 4279 in
575 4212 704 4282 Christo
721 4214 824 4303 petris
842 4218 876 4283 et
901 4213 1026 4281 domini
1046 4213 1171 4282 domini
1192 4212 1342 4283 Gnoson
1363 4215 1571 4305 permissione
1591 4214 1702 4283 divine

333 4348 578 4419 munimen
592 4352 732 4440 episoopi
743 4352 780 4418 in
793 4352 853 4420 heo
867 4350 974 4419 verbe

378 4484 555 4555 ememus
575 4489 783 4577 permissione
808 4489 921 4558 divine
944 4487 1189 4559 Lennsvsssrs
1214 4489 1380 4579 episeopus
1410 4491 1570 4560 univorsis
1596 4495 1709 4563 ssnote

332 4622 449 4692 modis
461 4624 591 4693 eoolesio
607 4623 683 4694 filiis
703 4626 747 4694 nd
768 4648 847 4713 quos
867 4648 999 4715 presens
1019 4626 1175 4716 seriptum
1195 4631 1343 4696 nostr'om
1366 4629 1548 4717 pervenerit
1568 4629 1709 4699 sulutem
