4009 5434
862 1058 1099 1129 uocum

325 1212 506 1301 ROBERT
539 1228 748 1313 NERBER,
784 1227 948 1298 GRANT
981 1228 1055 1297 ΤΟ·
1075 1228 1271 1299 mouns
1303 1228 1508 1299 LYDDYN
1540 1228 1645 1299 Am)

855 1376 1100 1446 ANOTHER

828 1538 993 1631 [Fosuou
1014 1538 1132 1630 MSS]

1034 1704 1076 1769 10
1098 1702 1176 1771 Oor.
1221 1704 1261 1771 31
1286 1702 1391 1773 Han:
1415 1702 1480 1775 VI.
1526 1706 1621 1773 1452.

343 1868 448 1937 Sciant
468 1870 631 1957 presentes
659 1870 693 1935 et
714 1865 820 1934 futuri
846 1866 934 1953 quod
955 1864 1032 1954 Ego
1055 1864 1237 1933 Renum
1258 1864 1409 1933 Nasone
1430 1869 1570 1956 mmiger
1590 1868 1667 1936 dedi

214 2034 225 2047 ·
303 2007 429 2075 mcesei
443 2012 478 2073 et
490 2006 551 2073 hac
564 2004 705 2093 presenti
719 2007 807 2071 carta
819 2026 893 2071 mea
907 2004 1094 2071 confirmavi
1111 2002 1239 2071 {Pecus
1256 2003 1403 2071 Lunum
1422 2009 1457 2073 ct
1469 2005 1667 2075 Wunnsuo

301 2164 337 2231 cp
358 2144 577 2212 Innwsnnnn
606 2141 788 2209 manerium
816 2162 926 2208 meum
955 2142 995 2207 de
1019 2140 1222 2207 Lsuoovtau
1248 2164 1322 2209 cum
1350 2143 1556 2229 pertinenciis
1579 2143 1668 2209 inire

297 2280 424 2350 feodum
446 2282 487 2348 de
511 2280 767 2347 mamus
787 2300 912 2345 necnon
930 2278 1039 2345 omnic
1057 2284 1158 2345 terrae
1181 2282 1215 2346 et
1234 2284 1420 2349 tenemento
1437 2286 1531 2367 prata
1549 2304 1668 2368 pascus

296 2423 438 2506 putaras
449 2418 561 2486 boscos
573 2418 719 2485 redditus
736 2416 905 2505 pensiones
926 2420 959 2484 et
975 2416 1116 2499 servius,
1131 2440 1206 2484 enm
1219 2418 1426 2505 pertinenciis
1440 2441 1503 2504 que
1515 2417 1616 2485 habui
1629 2418 1666 2484 in

296 2555 494 2623 Lsuoovmn
520 2556 663 2643 predicto
689 2558 748 2621 eto.
794 2552 995 2623 Habonium
1021 2560 1054 2621 et
1078 2557 1256 2622 tenendum
1280 2556 1461 2622 manerium
1486 2556 1667 2644 predictum

295 2714 415 2761 necnon
438 2692 547 2759 omnis
577 2697 679 2759 terras
705 2694 738 2757 et
760 2693 945 2758 tenemento
967 2696 1062 2777 prete
1085 2714 1204 2779 pascuo
1224 2696 1371 2780 pasturae
1391 2692 1501 2759 boscos
1520 2694 1667 2759 redditus

295 2830 459 2917 pensiones
473 2834 507 2897 ct
521 2829 653 2897 servicia
666 2828 810 2915 predicta
823 2850 897 2894 cum
914 2828 1121 2915 pertinenciis
1134 2828 1268 2916 prefatis
1282 2828 1409 2895 Tuosne
1424 2833 1458 2895 et
1471 2829 1668 2897 Wunnnuo

294 2964 461 3035 seusus
476 2970 509 3034 s
523 2965 694 3054 segma
705 2964 771 3033 sun
784 2966 825 3032 <10
836 2964 1027 3051 capitalibus
1035 2964 1175 3032 comus
1184 2945 1581 3053 connumerata
1590 2966 1668 3033 aaa

293 3102 401 3171 debita
418 3104 506 3170 etde
520 3102 593 3191 jure
608 3105 767 3169 consueta.
813 3100 861 3167 Et
874 3124 935 3189 ego
949 3123 1025 3167 vem
1038 3101 1201 3188 predictus
1215 3100 1397 3168 Rounms
1411 3102 1590 3169 etbemdes
1602 3102 1668 3170 mei
1797 3108 1803 3117 '

226 3268 230 3275 ·
296 3240 471 3308 menmium
484 3240 666 3327 predictum
679 3261 805 3307 necnon
819 3238 928 3306 omnic
941 3242 1044 3305 terras
1057 3244 1091 3305 et
1104 3240 1289 3305 tenemento
1306 3243 1365 3306 etc.
1386 3238 1521 3326 prefatis
1540 3238 1668 3305 Tnouu

294 3380 326 3442 et
338 3376 535 3445 Wunnnuo
548 3374 720 3445 heredibus
734 3381 768 3443 et
781 3376 952 3465 assignatis
966 3374 1033 3441 suis
1051 3378 1162 3442 contra
1183 3398 1295 3442 omnes
1315 3381 1429 3465 gentes
1444 3375 1666 3442 warantizabi-

295 3510 656 3599 musetinperpetuum
666 3510 886 3579 defendemus
913 3510 956 3578 In
968 3511 1350 3598 cujusreitcstimonium
1360 3512 1420 3580 hec
1429 3512 1667 3599 presenticarte

295 3666 361 3715 mee
374 3646 520 3735 sigiilmn
533 3668 643 3714 meum
657 3646 800 3735 apposui.
838 3646 918 3715 Hiis
938 3646 1076 3715 testibus
1098 3646 1122 3715 J
1122 3669 1265 3714 onam
1286 3648 1437 3715 Bassam
1469 3647 1667 3715 Wuunnuo

293 3778 461 3850 Bswnsun
511 3782 535 3851 J
535 3804 678 3850 onasus
714 3782 930 3851 Prasmon
967 3784 1090 3853 seniore
1134 3783 1270 3852 Howsn
1299 3785 1420 3853 Canus
1470 3784 1667 3854 Wunanuo

296 3914 421 3987 Bassan-
434 3922 469 3987 et
480 3918 594 3987 multis
612 3920 693 3987 aliis.
732 3919 857 3988 Datum
879 3923 968 4008 apud
988 3920 1192 3989 Insoovms
1214 3923 1268 3990 die
1288 3921 1407 3990 Mariis
1426 3922 1574 4009 proximo
1594 3928 1669 4010 post

293 4053 410 4125 testum
439 4056 551 4126 Sancti
578 4056 731 4125 Dlomsu
759 4059 902 4127 martiris
930 4082 1017 4128 auno
1045 4060 1140 4147 regni
1170 4058 1273 4149 Regis
1301 4060 1459 4128 Hanno
1485 4060 1569 4129 sexti
1592 4060 1668 4149 post

293 4198 499 4284 conquestum
519 4194 680 4263 uicesimo
701 4195 816 4286 pnimo.

335 4356 404 4426 The
418 4358 494 4441 sesi,
510 4358 545 4427 of
566 4361 624 4426 red
637 4382 720 4445 wax,
735 4360 802 4428 and
815 4359 967 4429 attached
979 4359 1027 4448 by
1040 4382 1062 4428 a
1074 4358 1171 4444 babel,
1185 4358 1214 4428 is
1227 4358 1350 4428 broken
1364 4361 1431 4428 and
1444 4362 1587 4430 defecet
