4009 5434
431 691 476 758 68

386 1003 1603 1100 nisioomtabulariusnostriouuideNmnetbsllivusejuademvilla
1623 1011 1683 1100 qni
1703 1035 1765 1102 pet

384 1140 471 1229 ipsos
484 1139 661 1231 burgenses
674 1143 769 1211 eleoti
782 1143 917 1212 iuer-int.

431 1291 653 1362 concessimus
672 1315 749 1362 sero
769 1293 922 1382 predictis
941 1292 1157 1382 burgensium
1177 1298 1212 1363 et
1232 1317 1345 1365 eorum
1365 1295 1597 1366 suooessontns
1618 1299 1708 1386 qued
1731 1299 1762 1368 si

386 1429 498 1517 aliqua
507 1431 601 1498 navis
610 1431 664 1498 rel
684 1429 801 1499 batilla
809 1431 919 1499 veniat
930 1430 973 1498 ad
991 1435 1124 1520 portum
1138 1453 1221 1520 sque
1234 1433 1277 1501 de
1285 1433 1420 1513 Num
1433 1434 1523 1502 infru
1535 1433 1761 1504 Ennomon

385 1569 474 1656 quod
484 1571 534 1636 est
544 1567 580 1635 in
589 1571 683 1658 parte
693 1568 884 1637 oooidentuli
894 1569 935 1636 de
945 1568 1102 1636 Bienor
1115 1569 1158 1637 ad
1168 1570 1312 1658 aliquam
1321 1570 1580 1640 merehundisam
1589 1573 1762 1642 emendam

386 1704 440 1774 vel
454 1706 668 1788 vendendam,
683 1708 771 1792 quod
784 1706 898 1774 eadem
911 1705 1004 1773 uasis
1017 1706 1071 1773 vel
1084 1703 1200 1774 batilla
1212 1705 1318 1795 primo
1331 1707 1443 1776 veniat
1462 1709 1508 1776 ad
1527 1713 1660 1797 portum
1680 1708 1762 1778 ville

385 1847 496 1912 nostre
509 1844 551 1912 de
564 1841 694 1912 Num
708 1847 743 1912 et
756 1848 931 1932 antequam
944 1841 1070 1931 aliquid
1088 1843 1132 1912 sit
1152 1843 1323 1916 venditum
1342 1843 1420 1912 iude
1441 1867 1501 1912 seu
1520 1849 1682 1914 remotum
1701 1846 1762 1914 flat

389 1981 623 2050 demonstrutio
636 1981 874 2050 oonstebulario
887 1981 984 2049 omui
1001 1979 1123 2050 ibidem
1145 1984 1180 2049 et
1198 1981 1362 2071 preposito
1381 1980 1480 2072 burgi
1500 1983 1603 2052 nostni
1623 1983 1762 2072 predioti

241 2209 246 2218 ⁸
308 2203 315 2214 ,
385 2117 449 2188 sub
469 2141 576 2208 poena
589 2119 790 2190 iorisisoture
808 2119 986 2188 earundem
1001 2116 1301 2188 rnerohandisarum
1317 2123 1352 2186 et
1368 2120 1411 2187 de
1426 2119 1577 2188 omnibus
1593 2120 1760 2190 merehem·

386 2255 469 2324 diuis
492 2279 551 2345 per
575 2259 695 2324 terrum
720 2256 924 2325 venientibus
948 2257 1062 2324 eodem
1086 2257 1183 2324 modo
1208 2255 1267 2324 dat
1291 2255 1523 2326 demonstratio
1548 2261 1582 2326 et
1606 2260 1694 2345 quod
1718 2259 1763 2328 de

385 2393 537 2464 omnibns
561 2393 658 2462 rebus
681 2393 770 2462 inira
794 2393 979 2462 libertatem
998 2393 1078 2462 ville
1098 2397 1207 2461 nostre
1227 2393 1371 2482 prediote
1391 2393 1487 2464 iaetis
1507 2395 1668 2483 preliotos
1683 2393 1761 2464 bur·

387 2553 503 2620 genneo
515 2535 703 2600 tenemento
716 2553 774 2600 seu
788 2531 905 2601 eatalla
918 2553 1031 2600 eorum
1044 2529 1256 2619 tangentssrus
1269 2531 1359 2602 unde
1378 2531 1546 2620 inquisitio
1558 2532 1631 2621 oapi
1644 2530 1762 2601 debeat

386 2671 475 2756 quod
488 2669 548 2738 iila
560 2669 728 2757 inquisitio
742 2669 784 2738 sit
798 2669 973 2738 terminata
985 2691 1045 2758 per
1057 2668 1246 2738 intrinseeos
1260 2671 1293 2736 et
1306 2691 1374 2738 non
1386 2691 1446 2759 per
1459 2668 1548 2738 alios

433 2831 654 2902 Oonoeoeimne
672 2831 772 2900 etiam
792 2802 944 2921 prediotis
964 2829 1180 2921 burgensibus
1200 2831 1322 2899 nostris
1342 2835 1377 2902 et
1398 2854 1510 2900 eorum
1530 2829 1763 2900 sueeessoribus

386 2970 476 3058 quod
490 2967 633 3038 habeant
647 2991 759 3037 omnes
772 2969 938 3038 libertates
951 2975 986 3038 et
998 2969 1117 3038 liberes
1127 2969 1374 3038 eonsuetudines
1387 2991 1469 3058 quaa
1482 2968 1601 3036 habere
1614 2968 1763 3037 solebant

389 3111 535 3197 tempore
563 3110 800 3176 anteeessorum
829 3111 976 3176 nostrum
1004 3112 1039 3177 et
1067 3129 1149 3196 quas
1175 3105 1353 3196 burgenses
1376 3107 1479 3175 nostri
1507 3107 1549 3174 de
1577 3105 1762 3174 Ksnmm

388 3243 511 3313 habent
525 3267 568 3312 ex
581 3244 781 3312 oonoessioue
795 3248 829 3312 et
843 3245 1086 3314 oonflrmatione
1103 3249 1225 3313 nostra
1270 3244 1327 3313 Ita
1347 3245 1435 3332 quod
1456 3245 1567 3312 omnia
1586 3243 1707 3332 pladite
1727 3248 1762 3310 et

387 3384 520 3472 querele
541 3388 610 3450 tam
624 3383 665 3451 de
679 3382 817 3464 hutesio,
832 3383 979 3464 elamore,
994 3382 1155 3472 sunguine
1175 3383 1258 3465 fuso,
1271 3405 1370 3470 quam
1389 3384 1431 3450 de
1444 3372 1762 3472 transgressoribus,

274 3533 278 3544 '
390 3519 519 3604 debitis,
537 3519 813 3602 eonsentionibns,
828 3524 862 3587 et
875 3519 948 3588 aliis
969 3519 1142 3588 onnuaotia
1162 3519 1307 3604 dirersis,
1322 3520 1365 3588 de
1384 3527 1490 3588 eetero
1511 3519 1709 3607 plautentur
1729 3522 1764 3586 at

390 3659 607 3728 terminentur
631 3657 667 3724 in
695 3657 866 3726 hundreda
893 3657 971 3726 ville
998 3661 1109 3726 nostre
1137 3657 1282 3746 prediote
1310 3657 1452 3746 exeeptis
1479 3657 1608 3746 plaoitis
1636 3677 1763 3737 oerone,

389 3795 546 3877 fiorestnl,
566 3797 600 3864 et
620 3794 843 3876 homesoohen,
865 3816 929 3881 que
950 3794 1098 3883 plaeituti
1119 3794 1240 3862 debent
1260 3816 1368 3862 eoram
1388 3794 1574 3864 sioeoomita
1594 3799 1705 3862 nostro
1725 3794 1762 3862 in

389 3933 481 4002 ouria
494 3933 535 4000 de
550 3931 679 4001 Nnnun
693 3937 727 3999 et
740 3932 876 4021 plaoitas
889 3937 974 4002 terre
992 3955 1052 4022 per
1072 3929 1169 4000 breve
1189 3932 1227 4000 iu
1247 3932 1364 4000 comite
1383 3936 1495 4000 nosue
1516 3932 1558 4000 de
1578 3931 1766 4000 Ksuumn

389 4070 428 4138 in
441 4073 644 4159 perpetuum.
688 4068 845 4138 Veientes
858 4070 959 4138 etism
972 4073 1007 4140 et
1020 4071 1230 4140 ooneedentes
1243 4069 1331 4156 quod
1347 4067 1577 4138 eomtabularii
1596 4069 1702 4138 nostri
1721 4069 1766 4138 de

392 4205 522 4276 Nesus
551 4207 609 4296 qui
629 4229 688 4296 pro
707 4211 854 4295 tempore
874 4206 998 4276 fuerint
1018 4210 1154 4276 meant
1173 4206 1310 4274 eandem
1331 4203 1535 4274 hundredum
1556 4209 1702 4274 nostram
1721 4207 1765 4278 de

393 4365 504 4412 mense
524 4343 561 4412 in
582 4364 727 4412 mensem
747 4346 780 4412 et
802 4342 924 4432 pladta
943 4347 1059 4414 voeata
1078 4342 1329 4434 “peponum”
1351 4345 1393 4414 da
1409 4343 1464 4412 die
1480 4344 1517 4412 in
1531 4344 1619 4412 diem
1632 4344 1765 4432 qnando

390 4503 519 4550 neeesse
533 4480 644 4550 inerit.

436 4627 508 4698 Noe
529 4631 640 4698 autem
662 4649 773 4696 omnes
795 4629 985 4700 donationes
998 4634 1034 4700 et
1046 4629 1263 4700 oonoeariones
1280 4631 1481 4721 supradictas
1500 4634 1589 4701 rates
1608 4630 1768 4701 habentes
