4009 5434
1508 679 1553 748 88

229 991 357 1060 invente
369 992 458 1059 inire
472 993 641 1060 Aranni
656 1013 694 1057 se
707 991 806 1058 etism
820 990 907 1058 inire
921 989 1108 1060 Wsnnrsu.
1148 991 1192 1059 In
1206 993 1301 1080 enjus
1313 994 1361 1060 rei
1375 994 1596 1062 testimenium

230 1127 370 1216 sigillum
380 1150 489 1194 meum
501 1129 644 1215 apposui.
671 1127 797 1195 Datum
811 1126 1016 1196 Innnnumr
1029 1131 1151 1197 xss⁰die
1161 1129 1278 1197 Mersii
1289 1154 1375 1198 enno
1384 1131 1480 1219 regni
1493 1131 1598 1220 Regis

230 1262 374 1332 B1csnnr
389 1265 520 1330 seeundi
535 1269 608 1351 post
622 1271 833 1352 conquestum
845 1265 986 1334 Aram
1006 1267 1139 1334 deuimo.

270 1437 343 1506 deul
365 1460 460 1530 gene.

833 1799 983 1870 odom.

335 2001 525 2076 ROBERT
551 1999 683 2070 ELYS.
728 2000 763 2069 A
788 1999 951 2074 GRANT
980 2001 1035 2070 IN
1061 2001 1487 2074 WRINOHEIS'PONE.

663 2187 785 2279 [Annt
819 2187 964 2256 deme:
995 2191 1049 2270 24,
1079 2188 1172 2279 302]

944 2378 987 2444 28
1008 2377 1102 2445 Mur.
1150 2380 1189 2444 ll
1213 2377 1327 2446 chrr:
1361 2378 1411 2446 H.
1459 2382 1553 2448 1388.

268 2551 380 2624 suane
393 2556 557 2640 presentes
572 2557 605 2618 et
619 2551 723 2620 futuri
737 2553 825 2642 qued
843 2574 904 2640 ege
927 2551 1109 2622 Roeuerus
1130 2553 1221 2622 Ense
1243 2553 1319 2620 dedi
1338 2555 1475 2622 ooneessi
1490 2561 1521 2624 et
1538 2556 1603 2626 hue

225 2687 365 2778 presenti
391 2691 480 2756 uerte
508 2711 596 2760 mes.
609 2689 796 2759 eoniirmsvi
821 2687 979 2757 Jonnunr
1006 2713 1047 2778 ep
1072 2689 1208 2758 Howns
1241 2691 1340 2759 Hrnn
1370 2693 1535 2783 sepeliens
1566 2700 1599 2764 et

225 2823 445 2898 Mesenen
468 2825 534 2892 filie
551 2849 621 2894 mee
637 2827 746 2896 omnis
759 2832 861 2897 terres
875 2832 907 2896 et
921 2831 1107 2896 tenemente
1120 2852 1194 2896 meu
1208 2834 1301 2918 prete
1322 2828 1432 2898 boseos
1453 2837 1601 2920 pesturss

225 2967 257 3030 et
277 2971 370 3030 veste
393 2984 455 3048 que
478 2961 580 3029 habeo
602 2962 638 3029 in
662 2963 758 3032 feodo
783 2964 824 3031 de
849 2962 1152 3033 Wnrnussuussuue
1180 2964 1277 3055 [qne]
1305 2969 1467 3053 quondam
1492 2967 1600 3036 Eurus

224 3096 456 3167 wmcmve
489 3100 604 3166 tenuit.
663 3097 865 3169 Hsbendum
886 3104 919 3168 et
941 3103 1119 3170 tenendum
1143 3103 1253 3171 omniu
1276 3104 1421 3191 predicte
1444 3108 1546 3173 terres
1567 3110 1601 3174 et

224 3239 412 3308 tenemente
438 3241 531 3322 prete
551 3235 661 3304 boseus
686 3239 833 3328 pnetures
858 3239 892 3305 et
916 3242 1008 3306 veste
1032 3261 1107 3306 eum
1128 3239 1278 3308 omnibus
1303 3240 1369 3306 euis
1393 3241 1599 3328 pertinenciis

225 3373 378 3460 prodietis
388 3370 412 3441 J
412 3394 546 3440 oneum
559 3378 591 3440 et
602 3373 820 3446 Minoum
831 3373 1002 3444 heredibus
1014 3399 1125 3444 eorum
1135 3383 1168 3444 et
1179 3378 1351 3468 assignetis
1360 3381 1600 3470 imperpetuum

225 3511 264 3576 de
277 3509 470 3598 eepitelibus
484 3510 622 3581 dominis
642 3511 730 3581 feodi
751 3511 840 3580 illius
859 3535 917 3602 pro
931 3514 1063 3582 redditu
1076 3521 1109 3582 et
1123 3516 1254 3582 servieio
1269 3538 1344 3602 quse
1359 3515 1403 3583 ed
1424 3517 1482 3585 ills
1495 3518 1593 3606 perti·

226 3653 314 3714 nent.
361 3645 410 3712 Et
423 3669 483 3736 ego
498 3669 572 3714 vero
586 3648 749 3736 predietus
764 3647 945 3719 Roennres
959 3648 1051 3718 Esus
1065 3655 1098 3718 et
1111 3650 1244 3720 heredes
1255 3651 1319 3718 mei
1333 3651 1444 3720 omnin
1457 3653 1601 3740 prodibis

227 3791 327 3852 terres
350 3789 384 3852 et
406 3789 592 3852 tenemente
617 3791 675 3854 ete
697 3840 718 3856 ..
744 3789 845 3857 ete...
870 3809 944 3856 eum
966 3787 1116 3856 omnibus
1135 3788 1201 3854 suis
1222 3788 1429 3876 pertinenciis
1449 3790 1602 3878 predictis

226 3919 250 3989 J
249 3943 385 3989 oneum
401 3925 434 3988 et
451 3921 672 3990 Munernnrn
693 3923 864 3992 heredibus
878 3947 989 3996 eorum
1003 3929 1036 3993 et
1051 3924 1222 4014 assignetis
1236 3931 1348 3993 eentm
1362 3949 1473 3994 omnes
1487 3933 1601 4018 gentes

226 4059 507 4129 warantizabimus
522 4064 556 4129 et
570 4062 780 4130 defendemus
793 4063 1031 4152 inperpetuum.
1070 4062 1113 4129 In
1125 4061 1177 4150 euj
1180 4085 1218 4132 ue
1231 4062 1279 4132 rei
1293 4063 1514 4131 testimenium
1524 4066 1601 4136 huie

224 4197 368 4287 presenti
393 4201 480 4264 eerte
505 4198 650 4288 sigillum
675 4221 785 4270 meum
807 4201 950 4288 apposni.
996 4199 1076 4269 Hiis
1101 4197 1236 4268 testibus
1260 4199 1427 4268 Jonnrrun
1452 4201 1601 4271 Dsnnnu

226 4334 423 4408 wemno
455 4336 582 4407 wrm
625 4334 820 4406 Wrmmnuo
853 4335 953 4406 Genu
997 4335 1176 4406 Wssrnno
1208 4337 1325 4403 cosm
1358 4359 1401 4404 nr
1434 4337 1602 4408 Jonsnrrrr

226 4473 334 4548 ΔΜ
360 4480 393 4544 et
418 4475 531 4544 multis
556 4475 636 4544 eliis.
693 4475 819 4548 Datum
843 4477 931 4566 epud
952 4474 1211 4548 ancnrrsrou
1235 4475 1385 4544 vieesimo
1410 4481 1522 4544 eutero
1547 4478 1601 4545 die

226 4610 309 4680 binii
327 4634 414 4686 sunu
434 4613 528 4702 regni
549 4613 654 4704 Regis
676 4613 823 4688 umam
838 4617 970 4688 meundi
983 4620 1058 4704 post
1070 4620 1282 4702 conquestum
1294 4615 1476 4683 undeeimo.
