4009 5434
441 634 505 701 122

392 948 526 1016 reddere
540 951 775 1015 oonsueverant
788 945 908 1015 soiliest
921 944 1043 1035 viginti
1055 942 1174 1013 solidos
1187 945 1231 1012 ed
1247 943 1370 1013 festum
1388 944 1500 1013 Senoti
1517 944 1716 1015 mensas
1736 952 1772 1017 et

392 1086 513 1175 viginti
537 1086 656 1154 solidos
675 1086 719 1153 ed
738 1084 875 1153 Paeone
898 1107 957 1173 pro
978 1084 1069 1153 omni
1089 1082 1223 1153 sorrieio
1243 1084 1475 1152 oonsuetudine
1495 1087 1531 1152 et
1549 1084 1716 1153 meotione
1736 1088 1772 1154 et

391 1225 479 1313 quod
497 1223 598 1291 iidem
617 1221 716 1291 obbas
735 1226 769 1291 et
787 1244 979 1291 moesssorss
998 1222 1050 1290 sni
1070 1221 1157 1290 inter
1177 1242 1278 1309 eques
1297 1221 1458 1310 predictus
1478 1220 1622 1290 habeant
1645 1223 1770 1292 ourism

391 1382 484 1429 suem
509 1382 616 1429 eorem
638 1359 819 1427 senesoallis
839 1364 874 1427 et
894 1358 1024 1427 ballivis
1051 1358 1119 1427 suis
1145 1359 1235 1447 opud
1262 1356 1567 1427 uersum
1596 1361 1638 1427 de
1664 1358 1771 1428 tribus

391 1497 580 1586 septimanis
602 1497 638 1565 in
659 1500 725 1565 tres
750 1496 945 1583 septimanus
965 1497 1142 1565 tenendam
1165 1500 1200 1565 ot
1219 1495 1412 1585 potestatem
1437 1498 1572 1566 tenendi
1594 1502 1630 1566 et
1650 1520 1769 1587 eogno-

391 1634 661 1724 soondiquolibet
678 1656 765 1702 enno
783 1634 820 1701 in
839 1634 952 1702 eadem
971 1634 1082 1701 omnis
1098 1634 1771 1723 pledtelnmpersonaliaqusmroeliset

388 1774 495 1841 mixta
519 1776 553 1841 et
573 1773 687 1840 essises
707 1776 777 1840 tem
799 1793 883 1839 nove
904 1770 1071 1840 disseisine
1091 1793 1192 1859 quem
1211 1772 1326 1840 mortis
1346 1773 1555 1841 anteoemoris
1574 1774 1616 1842 ds
1637 1772 1771 1861 quibus·

390 1932 528 1997 eumque
556 1909 651 1977 terris
679 1913 713 1977 et
741 1908 935 1977 tenementis
963 1909 1049 1977 inter
1076 1931 1178 1996 eques
1204 1909 1365 1998 prodietas
1388 1912 1489 1980 etde
1514 1912 1771 2003 quibuseumque

388 2045 605 2116 oontreotibus
627 2045 934 2134 umsgressionibus
956 2045 1226 2115 eonvenoionibus
1249 2045 1357 2115 titulis
1376 2047 1507 2116 olameis
1526 2048 1624 2118 rebus
1643 2050 1771 2120 ossibus

390 2189 425 2253 et
438 2184 607 2253 domandis
620 2184 707 2252 inter
723 2206 824 2271 eques
842 2183 1002 2271 predictos
1020 2182 1284 2272 eontiagentibus
1301 2184 1398 2253 fsotis
1416 2208 1474 2253 seu
1492 2186 1768 2275 qualitatemque

390 2320 630 2409 emergentibus
643 2324 677 2388 et
691 2344 730 2389 ee
743 2342 801 2409 per
815 2321 960 2409 querelas
973 2321 1010 2389 in
1024 2322 1138 2389 eedem
1147 2321 1237 2389 eurio
1246 2322 1401 2391 levandus
1412 2327 1446 2391 et
1459 2323 1524 2390 alie
1537 2322 1648 2391 debite
1660 2322 1770 2392 medis

388 2458 603 2547 prosequendi
632 2480 690 2545 per
718 2457 986 2525 summonioiones
1014 2458 1267 2525 etteohiamsnte
1294 2459 1510 2527 dist-lotiones
1536 2484 1575 2527 ee
1602 2460 1771 2548 espoioms

389 2618 598 2683 personarum
612 2618 670 2683 per
684 2618 795 2663 earum
809 2595 1038 2663 insufficientes
1056 2599 1090 2661 et
1109 2593 1189 2663 elios
1205 2618 1370 2682 proeessus
1386 2596 1550 2685 legitimos
1569 2596 1771 2666 eminendi

389 2754 428 2799 ee
446 2732 604 2819 judioiem
618 2737 652 2799 et
669 2731 834 2821 jnetioiam
854 2731 895 2798 de
916 2731 1038 2798 eisdem
1058 2731 1208 2799 ultimate
1228 2730 1371 2799 feeiendi
1391 2732 1548 2799 reddendi
1568 2736 1604 2800 et
1623 2733 1769 2820 plenarie

390 2872 571 2957 exequendi
596 2892 722 2937 neouon
749 2874 941 2958 potestatem
968 2874 1003 2937 et
1028 2868 1255 2936 austeritatem
1278 2868 1434 2937 audiendi
1456 2874 1491 2936 et
1512 2870 1710 2938 terminandi
1729 2870 1770 2938 ia

390 3008 503 3075 eodem
518 3007 606 3074 ouria
620 3030 727 3075 eorum
741 3007 861 3074 eisdem
876 3006 1057 3074 senescallis
1070 3010 1105 3073 et
1116 3004 1246 3073 bellivis
1259 3007 1370 3074 omnia
1382 3011 1417 3074 ot
1431 3007 1618 3075 omnimoda
1629 3007 1770 3077 telonias

389 3144 657 3232 transgressiones
670 3149 704 3210 et
721 3144 786 3210 elie
806 3142 978 3210 melefsoto
998 3144 1085 3210 inter
1103 3144 1234 3210 eosdem
1251 3166 1352 3230 eques
1370 3144 1647 3231 qualiterenmque
1665 3144 1770 3213 foetes

391 3306 448 3349 seu
461 3286 660 3369 perpetratas
674 3306 711 3351 eo
725 3305 835 3351 omnes
849 3283 922 3351 illos
936 3276 1016 3370 quos
1029 3282 1164 3351 rebelles
1180 3282 1267 3351 inter
1284 3306 1386 3371 eques
1404 3284 1564 3371 predietes
1583 3284 1770 3353 invenerint

390 3419 590 3507 justifiosndi
617 3420 851 3508 imprisoaends'
876 3426 910 3489 et
934 3421 1115 3509 msligandi
1140 3444 1307 3509 quousque
1329 3425 1416 3489 moto
1439 3426 1524 3489 stare
1546 3421 1710 3490 voluerint
1732 3427 1769 3491 et

390 3555 561 3644 justiciarii
576 3579 608 3623 se
622 3557 826 3643 permiserint
839 3558 880 3626 de
897 3558 1024 3626 doliotis
1043 3558 1350 3648 asmgmsuonibus
1370 3559 1560 3627 criminibus
1580 3564 1615 3627 et
1634 3559 1768 3629 offendo

390 3716 453 3779 que
467 3694 721 3781 perpetraverint
734 3694 770 3761 in
784 3694 845 3762 bae
865 3698 957 3782 perte
978 3699 1013 3763 et
1032 3695 1061 3763 si
1081 3718 1140 3783 per
1160 3696 1290 3763 eosdem
1309 3697 1498 3765 sonosoellos
1520 3701 1555 3764 et
1574 3695 1712 3765 bellivos
1731 3719 1767 3765 se

389 3828 549 3915 justinian
571 3830 771 3917 reliquerunt
789 3836 868 3899 tuno
889 3854 947 3919 per
966 3832 1117 3900 ebbetem
1135 3832 1265 3901 obbatis
1281 3834 1425 3922 prediolo
1445 3834 1498 3902 vel
1519 3834 1708 3902 senesoallos
1731 3837 1766 3902 et

387 3964 525 4035 ballivos
538 3968 696 4053 prediotes
709 3991 768 4055 pro
782 3974 926 4056 tempore
940 3969 1114 4037 existentes
1127 3971 1257 4058 prisone
1271 3935 1370 4038 oestri
1385 3971 1488 4039 nostri
1508 3972 1551 4037 de
1572 3968 1764 4039 Ooeauoua

389 4102 633 4172 summittuntur
660 4104 718 4173 nbi
746 4128 800 4173 sos
827 4128 885 4193 por
909 4106 1085 4195 janitorem
1112 4106 1261 4196 ejusdem
1284 4107 1404 4197 ubsque
1429 4108 1682 4177 oontrodiotioae
1706 4129 1765 4177 ma

387 4238 487 4324 reoipi
500 4239 695 4308 voluerimus
709 4243 975 4331 qusndooumqne
989 4245 1157 4313 evenerint
1172 4243 1295 4313 ibidem
1307 4247 1443 4314 mnendi
1458 4269 1625 4335 quousque
1637 4244 1765 4334 judiei-

387 4380 484 4441 entm
504 4377 546 4443 de
566 4379 817 4465 transgressione
831 4384 865 4447 st
878 4380 1052 4468 iniquitate
1069 4386 1104 4451 et
1118 4381 1293 4451 rebellione
1309 4406 1369 4471 per
1381 4384 1510 4453 eosdem
1523 4382 1717 4472 perpetratis
1728 4386 1765 4451 et

386 4510 518 4599 plenam
531 4512 780 4584 selisiaotionem
794 4516 871 4585 inde
889 4517 1027 4586 foderint
1044 4523 1079 4587 et
1096 4520 1185 4605 quod
1197 4542 1256 4608 per
1268 4525 1456 4609 preoeptum
1470 4520 1551 4587 dieti
1564 4518 1692 4588 abbeb‘s
1703 4540 1765 4605 pro

383 4649 528 4735 mmpore
542 4647 708 4719 existentis
720 4674 777 4719 seu
790 4652 862 4743 ejus
877 4655 1121 4723 seneseullorum
1137 4657 1191 4725 vel
1210 4655 1405 4727 ballivorum
1427 4680 1559 4725 suorum
1581 4655 1704 4725 ibidem
1729 4659 1767 4725 ot
