4009 5434
1565 697 1610 766 47

282 1037 392 1082 eornm
402 1013 614 1104 tangentibus
622 1013 711 1081 unde
724 1011 894 1100 inquisioio
908 1011 980 1100 uspi
994 1009 1111 1080 debent
1126 1011 1214 1099 qnod
1227 1010 1287 1080 ills
1299 1011 1470 1102 inquisioio
1484 1011 1526 1080 sit
1541 1011 1654 1080 termi-

280 1157 358 1220 nste
370 1174 429 1240 per
442 1151 631 1218 intr-inm
645 1149 792 1239 ejusdem
805 1147 883 1216 ville
896 1153 930 1216 et
943 1169 1011 1216 non
1023 1170 1083 1236 per
1096 1147 1185 1216 elios

325 1300 546 1369 Gonoemimus
559 1299 692 1388 insuper
705 1299 827 1366 eisdem
839 1297 1055 1388 burgensibus
1067 1297 1186 1366 nostris
1206 1298 1295 1385 qnod
1308 1298 1372 1386 ipsi
1385 1321 1446 1366 neo
1458 1297 1592 1366 heredes
1601 1299 1654 1370 sui

280 1461 348 1506 esse
362 1461 430 1507 non
445 1436 584 1505 debemt
597 1441 775 1526 receptores
788 1436 994 1504 denariorum
1008 1439 1192 1503 nostrornm
1211 1435 1276 1504 nisi
1296 1439 1428 1504 tsntum
1448 1438 1491 1504 de
1511 1436 1654 1506 denariis

278 1572 474 1643 exeuntibus
510 1575 551 1642 de
586 1572 719 1642 bellivie
754 1573 935 1662 prepositus
970 1573 1048 1641 villo
1082 1576 1192 1640 nostre
1226 1573 1371 1662 predioto
1406 1597 1467 1642 neo
1499 1573 1654 1666 distringi

281 1712 421 1780 debeunt
434 1712 477 1779 sd
489 1711 589 1778 blede
602 1733 713 1779 ournes
727 1711 805 1778 vino
818 1733 875 1778 seu
890 1709 955 1778 slis
967 1709 1123 1778 viotuulio
1139 1715 1251 1779 nostre
1271 1715 1384 1778 oontrs
1404 1733 1516 1779 eorum
1537 1711 1652 1780 volun·

279 1853 381 1916 tutem
395 1849 570 1916 emendum
583 1847 641 1914 sed
655 1849 742 1935 quod
757 1847 851 1916 liberi
865 1845 931 1914 sint
940 1869 1000 1935 per
1013 1845 1178 1915 libertates
1188 1869 1299 1916 eornm
1313 1849 1452 1916 vendere
1466 1850 1653 1938 omnisque

279 1985 401 2054 hubent
430 1985 599 2052 vendende
627 1985 807 2072 euiounque
837 1987 872 2051 et
900 1983 1144 2071 quibusonnque
1168 1990 1202 2051 et
1227 2009 1291 2074 quo
1320 1990 1465 2075 tempore
1491 1986 1654 2054 voluerint

276 2121 400 2210 ubsque
429 2121 538 2210 sliquo
567 2122 808 2210 impedimento.

323 2271 477 2340 Preteree
490 2241 701 2340 oonoeesirnus
715 2270 849 2358 prelatis
861 2269 1077 2360 burgensibus
1092 2272 1196 2338 nostri
1214 2273 1302 2359 quod
1321 2272 1384 2361 ipsi
1401 2278 1435 2340 ot
1452 2272 1585 2342 heredes
1603 2273 1655 2342 sni

276 2409 380 2478 libere
412 2411 521 2498 legere
551 2416 681 2496 possent
710 2408 820 2476 omnis
847 2407 1011 2496 burgsgie
1038 2431 1098 2476 sue
1125 2431 1184 2498 per
1211 2409 1298 2498 ipsos
1325 2409 1487 2496 odquisite
1514 2413 1585 2476 tum
1612 2409 1654 2477 de

281 2547 474 2614 tenementis
498 2569 596 2634 quem
621 2547 662 2614 de
688 2546 869 2614 redditibus
894 2547 1073 2634 ouiounque
1095 2552 1129 2614 et
1154 2545 1398 2634 quibuscunque
1423 2547 1587 2616 voluerint
1610 2548 1654 2615 sd
1715 2597 1719 2605 -

281 2683 483 2752 voluntatem
498 2685 650 2772 ipsorum.

325 2847 372 2915 Et
397 2849 484 2936 quod
509 2849 606 2916 iidem
633 2847 811 2938 burgenses
833 2849 935 2916 nostri
960 2849 1113 2938 distringi
1137 2871 1205 2916 non
1227 2847 1367 2916 debemt
1389 2849 1478 2916 exire
1502 2849 1654 2937 antiques

281 2983 409 3052 bundes
427 2983 586 3052 libestetis
607 2985 683 3052 ville
705 2985 847 3072 predicte
868 2989 980 3052 oontru
1001 3009 1113 3052 eornm
1135 2985 1335 3053 voluntatem
1355 2986 1398 3052 ed
1420 2985 1553 3073 aliquod
1574 2986 1653 3054 isoi-

279 3123 412 3190 endum.
475 3123 521 3188 Et
550 3124 631 3189 teles
664 3127 741 3189 sunt
775 3122 884 3190 bunde
920 3122 1080 3214 libertatis
1116 3143 1228 3189 eornm
1255 3123 1405 3190 videlieet
1434 3123 1521 3202 inter
1546 3123 1655 3192 looum

282 3265 432 3328 voentnm
460 3259 635 3328 annrcn
664 3265 698 3328 et
727 3258 986 3327 Tsnuuncuoesn
1016 3261 1050 3328 et
1074 3261 1240 3348 quendum
1261 3260 1399 3326 divinem
1420 3262 1592 3328 dueentem
1613 3262 1655 3329 de

279 3397 318 3466 N
318 3419 457 3465 nwnrun
470 3420 572 3484 nsque
586 3395 846 3492 Tunnuneuossn
860 3397 946 3464 inter
959 3401 1079 3464 terrem
1094 3395 1245 3464 ebbothie
1258 3395 1299 3463 de
1313 3395 1473 3463 Msnosu
1487 3401 1520 3464 et
1533 3402 1655 3464 terrm

282 3535 434 3603 sbbsthie
449 3535 489 3602 de
504 3533 748 3602 Tuonssnunns
761 3533 797 3600 in
816 3539 908 3621 perte
931 3533 1081 3600 orientali
1102 3539 1135 3601 et
1156 3534 1319 3619 quendem
1339 3533 1483 3600 rivulum
1503 3538 1655 3600 vooutum

280 3671 480 3740 Bnnmss
494 3673 551 3760 qni
565 3671 687 3740 solebat
701 3695 826 3738 uurrere
848 3673 888 3738 de
910 3693 995 3756 equs
1017 3671 1151 3738 nustruli
1173 3693 1274 3757 usque
1296 3693 1415 3758 equum
1435 3669 1591 3737 borielem
1612 3670 1655 3738 de

281 3810 432 3878 Knurse
454 3811 490 3876 in
511 3818 603 3898 purte
625 3811 814 3879 oooidentnli
834 3817 867 3878 et
880 3813 1054 3880 medietate
1068 3835 1179 3880 eureus
1192 3835 1275 3899 eque
1289 3812 1330 3879 de
1345 3811 1495 3879 hurso
1510 3813 1546 3879 in
1560 3821 1653 3900 perte

283 3947 398 4016 boriali
416 3971 437 4014 o
457 3946 737 4015 Howimsssonn
759 3950 916 4016 eiurentis
937 3950 979 4018 ud
1000 3973 1090 4018 mere
1111 3956 1145 4016 et
1165 3951 1290 4038 regium
1312 3951 1398 4016 vium
1420 3952 1591 4018 dueentem
1613 3952 1655 4018 de

280 4085 541 4153 'l'snuuncuossn
557 4086 599 4152 sd
613 4087 744 4154 oruoem'
758 4091 791 4153 et
812 4087 857 4152 sio
878 4087 919 4154 de
941 4087 1029 4154 dioto
1049 4109 1141 4154 ornos
1162 4108 1264 4172 nsque
1285 4085 1482 4154 Bssuussx
1503 4087 1538 4152 in
1560 4093 1653 4176 purte

282 4221 425 4290 sustrnli.
471 4221 518 4288 Et
530 4195 625 4308 quod
645 4223 757 4290 niellus
771 4228 943 4291 extraneus
957 4229 1051 4292 extre
1063 4223 1227 4291 nundinas
1241 4224 1293 4290 vel
1306 4225 1412 4291 iorum
1426 4223 1514 4290 inire
1527 4223 1654 4292 bundas

275 4362 440 4450 *pmdiotos
468 4361 592 4448 sliquos
621 4359 859 4428 merebundisus
884 4361 925 4429 de
947 4363 1056 4449 sliquo
1081 4365 1235 4428 extraneo
1260 4367 1348 4428 emet
1372 4362 1436 4428 nisi
1460 4367 1591 4428 tontum
1611 4362 1654 4429 de

279 4495 495 4586 burgensibus
509 4497 627 4564 nostris
641 4495 788 4584 ejusdem
807 4503 915 4586 preter
934 4499 1075 4584 gentilos
1094 4498 1242 4566 homines
1262 4499 1303 4564 de
1325 4497 1599 4566 Gssuouonnors
1620 4503 1655 4565 et

271 4633 490 4702 Monosucis
503 4657 562 4723 pro
576 4633 769 4702 viotuolibus
783 4657 894 4702 eorum
909 4639 942 4702 et
956 4657 1022 4702 non
1037 4636 1164 4703 neolone
1179 4635 1407 4703 memhendise.
1453 4634 1525 4702 Neo
1535 4633 1652 4720 uliquis
