4009 5434
436 713 504 783 234

391 1024 1237 1113 messuagictoltcsgurdincsterresettenemente
1255 1026 1486 1111 puntepssons
1507 1029 1656 1112 pasturus
1677 1032 1773 1095 veste

392 1162 539 1229 redditus
565 1160 761 1229 reversiones
788 1164 823 1229 et
850 1158 984 1227 servidn
1011 1181 1087 1227 cum
1115 1156 1265 1227 omnibus
1291 1158 1360 1227 suis
1386 1158 1594 1249 pertinenciis
1627 1184 1771 1231 nuscum

390 1298 481 1367 curie
503 1297 597 1366 metis
621 1298 719 1365 curiis
743 1319 782 1366 eo
806 1297 880 1364 eliis
906 1295 1112 1365 libertatibus
1140 1300 1175 1364 et
1202 1294 1313 1365 liberis
1339 1296 1626 1367 consuetudinibus
1652 1298 1773 1370 iisdem

392 1432 1772 1525 messuagiistoitisgnrdiuisterdsetteuemeutispmbspeecuisvestismddi·

392 1571 482 1642 tibus
505 1572 740 1644 reversionibus
763 1577 797 1640 et
820 1572 960 1641 serviciis
987 1571 1253 1661 quuliteruunque
1277 1572 1513 1661 pntiuennbvn
1542 1574 1610 1644 sive
1639 1598 1772 1663 quoquo

388 1711 490 1779 modo
532 1709 752 1799 spectcntibns
793 1709 935 1797 exeeptis
977 1710 1177 1799 preexceptis
1216 1709 1344 1799 integre
1384 1716 1573 1781 mmenennt
1606 1712 1771 1783 Jonsrvnu

390 1846 543 1915 Rscun
565 1847 660 1915 trebi
678 1846 758 1914 dicti
778 1845 941 1915 Hucorus
960 1845 1109 1915 Bsensn
1133 1846 1195 1915 dlii
1217 1847 1297 1915 dicti
1318 1846 1509 1917 Wmnnnrn
1535 1848 1684 1919 Rscusu
1708 1850 1771 1919 lilii

388 1984 529 2073 predicti
547 1983 724 2053 Jorssnnns
745 1983 894 2052 Rsccsn
913 1987 948 2053 et
968 1982 1141 2053 heredibus
1161 1985 1311 2055 mssculis
1332 1986 1374 2053 de
1393 2008 1525 2075 corpore
1542 2009 1602 2055 sno
1621 1988 1771 2075 legitime

392 2123 566 2211 procreetis
587 2122 628 2189 de
647 2120 839 2209 cupitnlibns
863 2121 1003 2189 dominis
1024 2120 1111 2191 feodi
1130 2120 1219 2189 illius
1238 2144 1297 2209 per
1315 2123 1463 2191 redditus
1484 2129 1517 2191 et
1536 2125 1671 2193 servicis
1689 2125 1770 2193 iude

388 2258 550 2328 debitnet
564 2257 693 2346 dejure
706 2262 867 2326 consuete
911 2256 959 2326 let
971 2258 1001 2325 si
1015 2257 1184 2347 continget
1201 2258 1383 2346 predictum
1400 2258 1596 2329 Jonrvm
1619 2260 1768 2331 nsum

388 2396 460 2467 sive
485 2395 620 2464 heredes
641 2395 683 2463 de
707 2417 837 2483 corpore
861 2417 919 2463 suc
943 2394 1091 2483 legitime
1113 2399 1294 2485 proeredes
1320 2395 1408 2465 obire
1433 2398 1521 2485 quod
1548 2406 1629 2466 tuuc
1657 2399 1771 2467 omnis

390 2534 537 2621 predicte
559 2532 739 2620 messuugis
760 2534 859 2600 tottce
879 2531 1034 2620 gerdincs
1054 2535 1156 2601 terres
1177 2536 1212 2601 et
1234 2536 1421 2603 tenemento
1440 2540 1535 2623 prete
1554 2558 1674 2623 pssoun
1693 2558 1768 2624 pss-

389 2676 468 2739 turc
502 2678 593 2739 vnete
625 2671 771 2739 redditus
798 2673 993 2739 reversiones
1020 2671 1155 2741 servicis
1182 2694 1258 2741 cnm
1286 2670 1436 2741 omnibns
1463 2672 1531 2739 suis
1558 2672 1768 2759 pertinenciis

390 2830 532 2875 nuscum
555 2809 641 2875 curie
662 2809 757 2875 sectis
781 2807 877 2875 curiis
900 2830 938 2875 ec
961 2808 1035 2875 eliis
1057 2806 1261 2877 libertatibus
1286 2811 1320 2875 et
1344 2806 1454 2875 liberis
1479 2808 1767 2877 consuetudinibus

391 2946 507 3015 iisdem
538 2945 730 3033 messnngiis
765 2945 858 3012 toitis
892 2944 1040 3031 gnrdinis
1074 2946 1169 3013 terris
1204 2950 1239 3013 et
1273 2944 1467 3013 tenementis
1502 2945 1605 3032 protis
1639 2946 1767 3033 psscuis

393 3084 534 3171 pecturis
547 3084 646 3149 vestis
661 3081 841 3151 redditibus
859 3080 1093 3149 invensionibus
1111 3084 1146 3149 et
1161 3082 1303 3149 serviciis
1319 3080 1584 3170 quslitercuuque
1599 3082 1767 3171 pertiuen-

390 3219 480 3288 tibus
499 3220 568 3286 eive
584 3240 712 3307 quoquo
726 3219 822 3285 modo
835 3217 1055 3307 spectantibus
1068 3218 1209 3307 exceptis
1221 3218 1420 3307 praerepta
1433 3218 1561 3307 integre
1574 3224 1766 3289 remaneant

395 3358 557 3427 Roennm
577 3356 726 3425 Rsennn
740 3363 775 3423 et
787 3356 958 3424 heredibus
975 3356 1126 3425 mosculis
1144 3356 1185 3425 de
1204 3378 1333 3445 corpore
1353 3377 1410 3423 suo
1426 3354 1574 3441 legitime
1592 3356 1768 3443 procreetis

395 3497 437 3563 de
454 3494 646 3584 cepitslibus
664 3495 804 3562 dominis
826 3493 915 3562 feodi
937 3494 1027 3563 illins
1046 3516 1106 3583 per
1122 3492 1269 3561 redditus
1287 3496 1321 3561 et
1343 3492 1477 3561 servicis
1498 3494 1575 3561 inde
1597 3492 1710 3561 debite
1731 3498 1766 3562 et

392 3632 532 3723 dejure
556 3636 716 3702 consuete
761 3631 809 3699 Et
836 3631 865 3699 si
891 3632 1061 3721 continget
1088 3630 1269 3719 predictum
1297 3628 1491 3699 Bonum
1520 3628 1669 3699 Reum
1696 3632 1767 3700 sive

395 3768 582 3860 hujusmodi
599 3770 733 3838 heredes
750 3769 886 3837 musculi
904 3770 946 3837 de
963 3791 1094 3859 conpone
1112 3791 1170 3837 nno
1191 3768 1338 3855 legitime
1356 3768 1515 3857 procreati
1532 3766 1621 3836 obim
1640 3768 1714 3837 volo
1732 3773 1769 3837 et

392 3932 452 3998 per
478 3913 642 3997 presentes
669 3908 807 3977 concedo
836 3908 924 3995 qnod
951 3907 1062 3975 omnis
1088 3906 1233 3995 predicte
1267 3905 1449 3994 mesmngis
1483 3905 1585 3973 toftoe
1613 3907 1768 3994 gsrdiuos

394 4050 499 4114 terres
526 4048 561 4113 et
584 4049 770 4114 tenemento
794 4052 889 4134 prete
912 4068 1032 4133 puseus
1055 4048 1203 4133 pesturss
1228 4047 1320 4113 veste
1342 4042 1489 4113 redditus
1512 4042 1709 4113 reversiones
1733 4048 1768 4110 et

394 4180 1378 4271 cervicicuumomnibussuispertinenciisunucumonrie
1402 4178 1769 4249 uectiscmiieeceliis

395 4317 601 4387 libertntibus
627 4324 661 4387 et
688 4320 799 4389 liberis
827 4317 1112 4389 consuetudinibus
1139 4320 1255 4387 iisdem
1283 4316 1473 4407 memuugiie
1500 4316 1594 4387 toitis
1621 4316 1769 4405 gnrdiuis

394 4454 491 4523 terris
508 4458 543 4523 et
564 4456 758 4524 tenementis
780 4457 882 4543 pretio
905 4455 1032 4545 perenis
1052 4455 1192 4544 pusturis
1214 4453 1313 4523 vestis
1332 4453 1513 4523 redditibus
1532 4454 1768 4523 reversionibus

394 4595 430 4661 et
451 4590 593 4659 serviciis
616 4591 880 4680 qualitercunque
907 4590 1146 4679 pertinentibus
1173 4592 1241 4659 sive
1268 4612 1396 4679 quoque
1424 4592 1520 4659 modo
1548 4590 1769 4679 spectnntibns
