4009 5434
969 988 1168 1057 COCLXII.

418 1138 639 1208 meusne
674 1138 835 1207 noers
870 1137 931 1205 on
968 1138 1264 1208 cowsnmeu.
1310 1140 1597 1215 uuir-onnus
1625 1143 1721 1212 ron

853 1277 1035 1347 nowen
1068 1277 1239 1345 ceusu.
1360 1362 1367 1371 ¹

934 1426 1072 1517 [erm
1093 1426 1209 1518 uss]
1299 1482 1302 1486 ,

1138 1578 1265 1646 7Frn.
1310 1578 1568 1649 mamm.
1616 1582 1710 1647 1444.
1839 1598 1843 1605 ·

425 1729 585 1799 Omnibus
599 1730 721 1798 Christi
734 1729 884 1798 fidelibus
900 1732 942 1797 ed
957 1753 1038 1818 qnos
1051 1753 1180 1818 presens
1194 1730 1349 1819 seriptum
1362 1730 1544 1817 pervenerit
1580 1729 1762 1797 chssnns

380 1868 503 1935 Monrs
542 1868 712 1955 burgensis
748 1870 789 1935 de
828 1867 1038 1934 Oounnueen
1084 1869 1222 1935 sulutem
1263 1868 1300 1935 in
1337 1868 1480 1964 Domino
1518 1868 1758 1953 sempiternum.

381 2005 547 2073 Noveritis
560 2030 613 2073 ms
626 2006 784 2073 remisisse
799 2011 832 2073 et
846 2006 1085 2093 imperpetuum
1099 2006 1246 2093 quietum
1260 2006 1412 2073 slnmssse
1429 2027 1488 2092 pro
1508 2026 1561 2071 me
1579 2009 1613 2071 et
1630 2004 1759 2071 heredi·

380 2142 442 2211 bus
463 2144 544 2210 meis
566 2143 723 2210 Hownno
742 2143 862 2210 Gneus
879 2142 1052 2209 heredibus
1071 2148 1104 2210 et
1123 2142 1295 2231 assignetis
1317 2142 1384 2209 suis
1402 2146 1509 2209 totum
1527 2140 1583 2229 jus
1600 2164 1710 2208 meum
1723 2147 1761 2209 et

382 2282 540 2349 elemeum
549 2282 637 2367 quod
645 2304 789 2367 unquam
800 2279 900 2347 hsbui
908 2280 1012 2347 bebeo
1021 2303 1078 2345 ssu
1086 2279 1294 2367 quovismodo
1302 2279 1512 2365 imposterum
1520 2278 1639 2345 habers
1646 2285 1760 2366 potem

381 2420 418 2486 in
432 2424 571 2505 quatuor
584 2419 665 2485 soris
685 2424 769 2485 terre
791 2422 825 2484 et
846 2418 950 2485 tribus
970 2419 1058 2484 rodis
1078 2419 1164 2505 preti
1186 2441 1260 2484 eum
1280 2418 1485 2505 pertinentiis
1503 2418 1601 2483 simul
1619 2418 1760 2484 indentes

382 2557 417 2622 in
433 2578 545 2641 eampo
560 2560 671 2622 veneto
688 2554 801 2621 subtus
813 2555 845 2621 le
860 2554 985 2621 Brucn
999 2556 1036 2621 in
1055 2554 1150 2621 feodo
1172 2556 1213 2621 de
1235 2553 1498 2621 Lsnsnnrrrrsn
1519 2562 1617 2641 prout
1637 2554 1761 2622 ibidem

382 2694 493 2782 jeoent
506 2695 591 2759 inter
604 2697 724 2760 terrum
745 2716 850 2781 nuper
872 2693 1043 2763 Wnnrnru
1063 2693 1186 2760 Inuus
1208 2693 1244 2759 in
1265 2696 1357 2780 perte
1379 2692 1568 2760 ooeidenteli
1589 2698 1623 2759 et
1639 2697 1759 2759 terrum

381 2830 406 2897 J
407 2852 559 2897 omerus
585 2830 705 2897 Prenn
728 2830 764 2895 in
786 2834 878 2917 perte
900 2830 1049 2897 orientali
1070 2836 1104 2898 et
1126 2836 1246 2897 terrem
1271 2829 1435 2897 Hneours
1457 2829 1589 2896 Bsssnr
1610 2831 1647 2895 in
1667 2833 1761 2916 purte

383 2969 495 3035 eedem
510 2972 544 3033 et
557 2972 677 3035 terram
687 2991 792 3055 nuper
802 2966 992 3037 Wrnnnnus
1005 2966 1153 3055 Hnnrnr
1163 2968 1199 3034 in
1210 2971 1301 3054 perte
1312 2968 1446 3034 sustu-eli
1462 2990 1525 3055 qne
1536 2972 1675 3055 quatuor
1687 2989 1761 3033 sere

383 3112 467 3171 terre
482 3110 515 3172 et
529 3110 594 3172 tres
607 3106 684 3172 rode
699 3106 863 3192 quondum
877 3104 1013 3172 fuerunt
1026 3104 1050 3173 J
1050 3127 1203 3172 omerus
1217 3104 1337 3173 Bnrrr.
1383 3104 1585 3172 Hebendnm
1599 3110 1634 3171 et
1646 3109 1760 3171 tenen·

383 3246 463 3310 dum
477 3244 619 3329 predicte
634 3249 773 3329 quatuor
787 3266 875 3310 surse
889 3248 974 3309 terre
993 3248 1028 3310 et
1041 3247 1107 3309 tres
1119 3244 1215 3309 redes
1228 3242 1314 3329 preti
1328 3265 1403 3309 eum
1416 3242 1620 3329 pertinentiis
1634 3241 1762 3330 pretate

384 3378 541 3445 Hownno
564 3379 736 3446 heredibus
761 3380 827 3447 suis
852 3386 886 3447 et
911 3380 1083 3468 assignetis
1105 3381 1146 3448 de
1172 3380 1303 3467 eapitnli
1328 3380 1460 3447 domino
1482 3379 1571 3446 feodi
1593 3380 1682 3445 illius
1702 3401 1761 3465 per

382 3518 529 3583 redditus
543 3520 577 3584 et
591 3518 723 3584 servicis
737 3517 813 3585 inde
827 3517 938 3585 debite
952 3524 986 3585 et
1005 3519 1046 3585 de
1067 3518 1142 3606 jure
1163 3523 1324 3585 eonsnsts.
1363 3516 1419 3584 Its
1438 3518 1526 3604 quod
1539 3538 1601 3604 ego
1615 3514 1761 3603 prefatus

384 3652 561 3721 chsnnus
575 3678 634 3721 nee
648 3654 781 3722 heredes
794 3656 859 3722 mei
878 3678 938 3722 nee
957 3655 1075 3742 uliquis
1093 3656 1178 3722 nlius
1195 3655 1327 3722 nomine
1345 3660 1455 3721 nostro
1472 3654 1597 3741 aliquid
1610 3652 1694 3741 juris
1706 3651 1761 3720 vel

384 3792 498 3859 slsmei
512 3792 548 3859 in
562 3792 714 3879 predictis
729 3798 868 3882 quatuor
881 3816 970 3860 seres
983 3797 1068 3860 terre
1082 3797 1116 3860 et
1129 3793 1234 3860 tribus
1249 3794 1337 3860 rodis
1354 3793 1440 3881 preti
1461 3815 1536 3859 eum
1556 3789 1761 3879 pertinentiis

385 3930 426 3995 de
437 3933 540 3996 estere
551 3928 681 4017 exigere
692 3930 829 3996 clamere
839 3929 1017 4015 poterimus
1028 3952 1085 3996 sen
1094 3930 1264 3996 vendicare
1279 3933 1328 3996 set
1337 3928 1379 3995 sb
1389 3929 1479 3997 omni
1492 3929 1617 3996 estisne
1631 3927 1714 4015 juris
1728 3932 1763 3994 et
1823 3896 1831 3903 .

386 4064 501 4131 slsmsi
515 4088 626 4132 sumus
639 4066 878 4153 imperpetuum
893 4066 1015 4133 exelusi
1028 4089 1086 4153 per
1102 4072 1274 4153 presentes.
1312 4065 1356 4133 In
1370 4066 1465 4154 eujus
1478 4066 1527 4133 rei
1539 4064 1762 4133 testimonium

386 4200 527 4286 presenti
543 4202 659 4289 scripto
674 4226 746 4269 meo
760 4202 906 4291 sigillum
920 4226 1030 4269 meum
1044 4204 1188 4291 apposui.
1233 4203 1323 4271 Dete
1343 4203 1481 4291 septimo
1502 4202 1556 4269 die
1576 4200 1764 4269 Fiebrunrii

387 4360 474 4405 enno
487 4338 582 4426 regni
596 4338 698 4427 Regis
712 4340 869 4407 Hnsmcr
884 4342 967 4409 sexti
980 4348 1055 4429 post
1070 4348 1280 4428 conquestum
1296 4340 1608 4410 vicesimosecundo.

432 4488 467 4556 A
480 4488 573 4577 lump
588 4490 654 4557 seul
667 4490 703 4557 in
716 4488 828 4559 brown
842 4516 924 4559 wax.
970 4490 1014 4559 In
1029 4492 1085 4559 the
1099 4498 1208 4561 uentre
1227 4492 1479 4581 antiquilatum
1499 4490 1603 4559 shield
1621 4490 1764 4579 ehnrged

389 4626 470 4694 with
485 4650 505 4694 s
519 4628 628 4715 griffin
643 4634 800 4716 segresnt.
846 4628 916 4697 The
930 4631 1050 4719 legend
1063 4632 1092 4699 is
1105 4637 1164 4699 not
1176 4630 1306 4719 legible.
