4009 5434
1502 660 1566 728 leo

230 999 333 1045 unum
345 978 578 1044 tenementum
592 994 667 1043 omn
681 970 831 1043 omnibus
849 973 916 1040 suis
933 971 1171 1063 pertiuentbus
1188 972 1277 1043 infre
1294 972 1408 1043 villum
1428 974 1470 1043 de
1488 972 1608 1043 Kenn-

231 1136 311 1183 um*
333 1137 441 1203 nuper
461 1114 498 1181 in
519 1110 608 1181 msn’
630 1111 654 1180 J
655 1108 769 1179 ors'ms
786 1108 917 1177 Bmu
930 1110 971 1178 de
985 1108 1172 1179 Ksnuum
1189 1110 1335 1201 prediote
1353 1112 1501 1181 deiuuoti
1521 1114 1610 1201 quod

231 1252 365 1340 quidem
381 1255 608 1319 tenementum
625 1274 699 1319 oum
713 1250 780 1318 suis
792 1248 998 1340 pertiuentiis
1019 1246 1128 1317 unos
1149 1248 1321 1317 Commu
1338 1250 1435 1318 modo
1454 1254 1546 1319 tenet
1566 1251 1610 1319 ud

230 1392 411 1460 terminum
431 1390 500 1457 vite
521 1412 578 1458 sue
598 1391 709 1478 jubens
729 1388 816 1457 iuter
836 1392 1061 1457 tenementum
1085 1388 1229 1477 prediote
1257 1386 1365 1456 umor
1388 1388 1424 1456 in
1450 1409 1515 1477 quo
1538 1390 1610 1479 ipsu

229 1528 415 1597 inhabitate
430 1550 518 1594 nuno
530 1528 567 1595 in
580 1534 674 1617 perte
687 1527 837 1595 orientali
851 1532 885 1595 st
901 1526 1065 1614 quendem
1077 1526 1186 1594 vioum
1199 1530 1349 1595 vooetum
1368 1524 1610 1594 Homonsur

230 1668 265 1735 iu
286 1671 384 1756 perte
406 1666 596 1733 oooidonteli
618 1670 651 1733 st
670 1665 818 1733 extendit
835 1686 869 1731 se
882 1664 919 1731 in
932 1664 1140 1752 longitudine
1160 1688 1182 1732 e
1202 1664 1366 1731 oommuni
1383 1664 1454 1731 vioo
1467 1664 1504 1732 in
1517 1669 1610 1753 purte

230 1802 355 1873 boreuli
370 1802 522 1889 usquein
536 1806 654 1871 terrem
677 1824 812 1870 reorum
834 1826 941 1871 meum
966 1802 1001 1869 iu
1024 1826 1126 1870 meuu
1146 1802 1288 1890 prediote
1307 1802 1437 1871 {beorn
1458 1802 1495 1870 in
1516 1807 1608 1891 purte

231 1941 378 2009 eustrnl'u
423 1939 627 2007 Hubsndum
654 1943 688 2008 et
709 1941 887 2007 tenendum
913 1940 1094 2027 prediotum
1116 1943 1340 2007 tenementum
1363 1962 1438 2007 oum
1459 1940 1609 2009 omuibus

230 2081 296 2147 suis
315 2078 520 2167 pertiuentiis
534 2079 666 2166 profatis
682 2076 861 2145 (insumo
875 2084 908 2145 et
922 2077 1022 2145 Isorn
1036 2078 1131 2144 uxori
1151 2077 1220 2165 ejus
1240 2080 1314 2166 post
1330 2079 1494 2145 deoessum
1507 2078 1609 2167 ipsius

230 2214 362 2284 urum
385 2239 486 2304 usque
507 2215 606 2283 duem
631 2221 666 2283 et
690 2216 866 2283 terminum
892 2220 1022 2281 oeutum
1048 2238 1208 2282 eunomm
1232 2215 1379 2303 proxime
1402 2216 1608 2303 sequentium

230 2358 303 2442 post
318 2356 433 2420 datum
447 2354 646 2442 presentium
660 2356 693 2421 et
707 2352 850 2441 plenarie
866 2352 1106 2440 eompletorum.
1152 2350 1332 2419 Reddendo
1345 2352 1423 2419 inde
1436 2353 1608 2422 annuatim

230 2498 304 2580 post
333 2492 465 2559 decessu
485 2490 586 2579 ipsius
608 2462 861 2558 Trsorumiohi
882 2493 915 2557 et
936 2488 1109 2557 heredibus
1137 2490 1218 2557 meis
1246 2489 1358 2557 desem
1383 2490 1501 2557 solidos
1526 2494 1607 2558 ster·

229 2630 396 2718 lingorum
426 2630 595 2697 solvendos
617 2627 716 2696 miehi
739 2631 772 2696 st
795 2626 967 2695 heredibus
988 2628 1069 2694 meis
1097 2627 1269 2694 uuuuetim
1296 2628 1339 2695 ed
1364 2632 1503 2715 quatuor
1527 2630 1607 2696 enni

230 2768 387 2835 terminos
407 2765 528 2833 ibidem
547 2768 675 2833 mueles
689 2765 779 2853 equis
799 2764 1003 2853 porcionibus
1031 2770 1066 2831 et
1093 2766 1224 2853 oepituli
1249 2765 1379 2833 domiuo
1405 2766 1492 2833 feodi
1520 2766 1610 2835 illius

231 2906 377 2973 redditus
391 2909 425 2970 et
436 2904 569 2971 serrioiu
584 2904 660 2971 iude
675 2902 784 2970 debito
798 2908 831 2969 et
846 2904 886 2969 de
899 2901 973 2990 jure
988 2910 1149 2969 eonsuets.
1179 2900 1226 2967 Et
1236 2904 1398 2989 predictus
1409 2903 1609 2973 Gssmmus

230 3048 263 3109 et
287 3043 390 3109 Isors
410 3064 494 3108 uror
519 3041 591 3129 ejus
614 3038 810 3107 edifieebunt
833 3044 891 3106 eut
913 3040 1048 3107 heredes
1069 3038 1120 3107 sui
1139 3038 1335 3107 sdifioebuut
1357 3040 1549 3107 suffioisntes
1572 3045 1608 3107 et

229 3181 380 3249 villatum
399 3184 506 3247 totum
520 3179 703 3267 prediotum
721 3181 943 3245 tenementum
963 3176 1146 3264 sumptibus
1163 3182 1195 3244 st
1213 3178 1362 3266 expensis
1382 3178 1449 3244 suis
1468 3177 1607 3265 propriis

230 3317 371 3405 exeeptis
395 3339 496 3403 usque
519 3316 681 3404 prodiotus
710 3314 909 3383 Euwsrnus
937 3314 1082 3381 inveniet
1111 3319 1169 3381 eut
1198 3314 1331 3382 heredes
1359 3315 1410 3381 sui
1437 3314 1606 3382 invenient

230 3460 336 3523 totum
366 3476 514 3543 grossum
541 3454 732 3521 meremium
762 3474 835 3519 oum
864 3452 1015 3541 oostegiis
1043 3451 1262 3539 operariorum
1291 3456 1324 3518 et
1353 3451 1494 3539 oeriegio
1526 3450 1606 3518 dioti

229 3591 375 3659 meremii
411 3613 512 3677 usque
546 3592 589 3657 ed
620 3612 739 3677 equum
771 3590 980 3657 mortuarium
1013 3590 1101 3678 opud
1133 3589 1329 3656 Possum
1359 3589 1401 3655 ed
1433 3588 1605 3656 introitum

230 3734 342 3817 portus
366 3730 407 3796 de
429 3728 616 3796 Ksuunmr
639 3753 659 3796 e
680 3726 773 3796 bosoo
795 3726 853 3795 ubi
873 3727 1056 3815 prediotum
1076 3726 1266 3793 memmium
1287 3729 1484 3813 prostremm
1504 3723 1606 3791 tuerit

231 3890 288 3955 pro
303 3867 431 3933 isoture
444 3866 547 3935 tooius
562 3866 636 3934 sule
651 3866 871 3954 supmdiotum
885 3868 1108 3931 tenementum
1128 3863 1169 3930 de
1186 3885 1271 3931 novo
1284 3860 1512 3930 edifioundum.
1556 3860 1604 3929 Et
1640 3895 1642 3900 ·

228 4026 289 4093 ego
302 4026 379 4071 vero
393 4004 557 4091 prediotus
570 4002 768 4071 Euwsunus
782 4007 816 4070 et
829 4003 963 4071 heredes
976 4003 1042 4070 mei
1058 4005 1164 4070 totum
1181 4001 1362 4090 prediotum
1380 4004 1604 4069 tenementum

228 4162 301 4209 oum
331 4139 481 4208 omuibus
508 4140 576 4209 suis
604 4141 809 4229 pertinentiis
836 4140 963 4229 preteto
1001 4138 1179 4207 Gsurmno
1211 4143 1245 4207 st
1274 4138 1374 4207 Isoru
1406 4139 1501 4207 uxori
1533 4140 1603 4227 ejus

228 4274 400 4345 heredibus
410 4282 444 4345 et
454 4279 626 4369 mdgnetis
640 4278 707 4347 suis
721 4280 859 4347 durante
873 4280 1013 4345 termino
1027 4278 1284 4366 suprodiotorum
1298 4281 1428 4345 oentum
1442 4300 1601 4346 annorum
1699 4373 1702 4377 Δ

229 4420 341 4483 oontrn
366 4436 476 4483 omnes
501 4419 616 4505 gentes
645 4414 925 4485 warantizabimus
954 4418 988 4483 et
1016 4415 1051 4482 iu
1081 4415 1187 4482 forme
1210 4414 1355 4503 prediote
1379 4414 1599 4483 defendemus.

228 4549 271 4621 Iu
298 4550 394 4637 eujus
414 4554 461 4621 rei
486 4554 708 4623 testimonium
729 4554 887 4642 presentis
908 4554 1081 4621 indenture
1101 4556 1210 4640 portes
1235 4551 1378 4640 predicte
1405 4552 1515 4640 sigillo
1541 4572 1603 4619 sus
