4009 5434
870 935 1161 1009 ,comm

377 1074 634 1147 APPROVAL
662 1074 730 1145 BY
757 1074 858 1144 THE
887 1074 1113 1143 OHAP'PER
1140 1074 1202 1144 OF
1229 1074 1491 1145 LLANDAFF
1518 1074 1581 1144 OF
1608 1074 1710 1145 THE

837 1199 991 1269 Imsfln
1021 1200 1082 1268 OF
1110 1200 1252 1269 NAsn

908 1335 1046 1427 [ΟΜ
1067 1336 1184 1427 MSS]

1076 1477 1119 1543 12
1138 1475 1242 1544 oum.
1287 1477 1331 1543 se
1352 1476 1459 1545 nnn:
1481 1476 1546 1546 v1.
1592 1448 1687 1545 no.

400 1614 572 1683 Universis
585 1616 693 1681 ennete
706 1612 819 1681 metris
832 1612 962 1681 eooleeie
978 1612 1055 1681 filiis
1076 1615 1118 1681 nd
1140 1636 1278 1704 qnomm
1297 1614 1453 1683 noiioinm
1465 1619 1628 1703 presentes
1640 1613 1734 1683 litere

355 1752 562 1842 pervenerint
589 1752 830 1819 erohidieoonus
858 1756 907 1843 et·
920 1750 1099 1840 onpindnm
1120 1751 1249 1820 seolseie
1275 1751 1467 1820 oothedrnlie
1489 1738 1733 1819 Innnsvnnsm

357 1890 495 1958 salutem
508 1889 544 1956 in
559 1912 596 1957 so
611 1888 668 1976 qui
682 1892 732 1955 esi
745 1886 890 1955 omnium
905 1912 981 1955 vere
994 1889 1090 1955 solus.

400 2026 567 2097 Noveriiis
579 2049 639 2095 nos
651 2024 827 2113 inspexisse
848 2025 1003 2113 soriponm
1024 2025 1192 2093 reverendi
1213 2025 1249 2093 in
1271 2024 1400 2094 Christo
1420 2026 1523 2114 petris
1542 2029 1578 2094 ot
1597 2024 1734 2094 Domini

357 2164 482 2234 domini
495 2164 670 2233 N1cnons1
684 2162 891 2251 permissione
905 2162 1017 2229 divino
1031 2162 1274 2231 Lenosvnnsns
1288 2164 1429 2252 'episeopi
1442 2162 1479 2232 in
1491 2163 1552 2232 hoo
1565 2163 1672 2233 verbo

399 2302 602 2371 Nrononnus
619 2300 826 2389 permissione
848 2300 960 2367 divino
982 2350 1289 2368 ..........
1313 2322 1400 2369 enno
1421 2300 1567 2389 septimo.
1629 2298 1733 2391 [Vide

356 2441 421 2508 No.
449 2438 680 2528 comm]

401 2577 491 2652 Ques
506 2577 636 2665 quidem
651 2575 884 2643 oonoessionem
901 2574 1112 2641 trodioionem
1125 2578 1160 2641 et
1173 2574 1392 2642 dimissionem
1409 2574 1505 2641 modo
1526 2595 1591 2660 quo
1609 2572 1732 2661 profer·

355 2720 411 2783 tur
433 2714 536 2782 foetos
558 2714 655 2781 utiles
677 2714 747 2781 iore
769 2718 957 2800 reputantes
979 2712 1153 2799 peniteret
1172 2712 1324 2780 honestos
1341 2736 1379 2779 oo
1397 2712 1435 2779 in
1453 2713 1546 2779 nullo
1565 2711 1659 2780 nobie
1675 2716 1734 2779 nui

357 2852 586 2921 meoessoribns
600 2853 718 2920 nostris
731 2850 957 2939 prejudicialee
976 2855 1118 2917 neotoiu
1136 2850 1222 2917 inter
1241 2872 1301 2918 nos
1317 2849 1354 2916 in
1371 2850 1467 2917 domo
1484 2854 1594 2917 nostro
1612 2849 1735 2937 oepiio·

356 2992 417 3058 leri
428 2990 671 3059 Lnnosvnnsm
686 2988 743 3076 qni
756 2988 792 3055 in
806 2987 995 3075 hujusmodi
1007 2987 1241 3055 eonoessionem
1251 2986 1462 3055 trsdioionem
1472 2992 1506 3054 et
1517 2986 1736 3054 dimissionem

355 3128 531 3215 requiritm
552 3126 658 3213 sepius
679 3124 847 3213 prehabito
869 3125 955 3212 ipsos
977 3125 1211 3193 concessionem
1232 3125 1444 3192 trsdioionem
1463 3127 1498 3191 ei
1517 3124 1737 3193 dimissionem

357 3265 416 3333 sub
433 3266 539 3331 forme
556 3264 592 3331 in
610 3265 696 3331 diste
715 3263 832 3350 seripto
852 3266 1003 3329 sentenia
1021 3261 1237 3358 approbemln
1253 3261 1451 3330 meifleemue
1467 3262 1503 3329 in
1521 3267 1682 3350 quonium
1698 3262 1736 3328 in

356 3402 450 3471 nobie
464 3408 513 3470 esi
526 3407 636 3469 tenore
650 3400 851 3489 presencium
865 3401 1100 3467 oonfirmomus.
1145 3399 1188 3466 In
1199 3400 1291 3468 euius
1300 3399 1348 3468 rei
1358 3399 1582 3467 testimonium
1591 3398 1737 3489 sigillum

357 3546 503 3608 nostrum
529 3562 697 3607 commune
725 3538 927 3626 presentibus
954 3538 1108 3604 dnrimus
1136 3537 1374 3625 opponendum.
1419 3536 1546 3604 Datum
1574 3536 1610 3602 in
1638 3536 1736 3603 domo

357 3684 467 3747 nostro
493 3680 662 3767 oopiiulnn'
687 3679 930 3747 Lsnnsvnnsrs
956 3678 1145 3744 dnodeoimo
1171 3677 1225 3744 die
1248 3675 1368 3743 mensis
1393 3673 1478 3741 Julii
1501 3696 1588 3741 enno
1613 3672 1737 3740 domini

358 3817 529 3885 millesimo
544 3817 863 3905 quadringentesimo
878 3818 1125 3905 quadragesimo
1139 3786 1261 3885 ooiovo.

402 3954 487 4037 Seal,
502 3958 560 4022 red
574 3978 655 4021 wax.
701 3954 776 4021 Hes
789 3954 871 4021 been
890 3978 910 4021 o
927 3954 1062 4041 pointed
1083 3955 1166 4035 ovel,
1189 3954 1289 4022 eboni
1309 3952 1401 4020 three
1421 3951 1533 4019 inohes
1553 3950 1589 4018 in
1611 3948 1736 4038 length.

359 4092 430 4162 The
465 4094 563 4160 lower
599 4092 666 4161 end
700 4093 884 4183 remaining
920 4095 1087 4183 fragment
1117 4098 1297 4181 represents
1330 4093 1388 4161 the
1418 4094 1500 4161 west
1530 4090 1622 4159 irone
1649 4090 1685 4157 oi
1717 4112 1739 4157 n

359 4230 543 4312 canheoml,
563 4230 644 4297 with
663 4254 684 4297 o
703 4233 796 4313 door;
827 4232 928 4300 obove
950 4232 986 4315 it,
1010 4232 1101 4300 three
1122 4231 1290 4313 windows3
1322 4231 1388 4298 and
1409 4229 1446 4296 in
1467 4228 1524 4297 she
1546 4226 1651 4317 gobis,
1673 4231 1740 4296 two

358 4332 514 4437 isindows
527 4370 593 4435 ond
607 4391 627 4436 e
640 4369 731 4458 lenge
746 4370 919 4457 quoirefoil
933 4370 1043 4439 above.
1088 4369 1160 4438 The
1180 4392 1264 4439 mee
1282 4392 1326 4437 on
1343 4368 1400 4436 dne
1419 4389 1503 4454 epsx
1516 4366 1553 4433 oi
1572 4366 1630 4434 the
1644 4363 1741 4453 gnble

359 4504 567 4594 isprojeoied
581 4530 669 4593 upon
683 4508 772 4575 what
786 4532 886 4577 seems
900 4514 934 4576 to
948 4509 1031 4576 hove
1045 4488 1251 4596 represented
1271 4532 1292 4575 e
1312 4506 1435 4575 oenirnl
1449 4509 1557 4574 tower.
1603 4502 1663 4571 All
1684 4501 1741 4571 no
1796 4520 1815 4534 ·’

356 4644 517 4735 openings
530 4644 639 4714 shewn
653 4668 707 4714 ore
720 4648 827 4715 round
840 4645 973 4714 heoded.
