4009 5434
1542 629 1585 696 21

265 935 310 1004 mi
319 937 354 1004 in
365 939 559 1024 perpetuum
569 936 698 1024 onpient
709 939 741 1004 et
751 935 908 1024 reeipinnt
918 959 975 1004 een
984 937 1085 1026 reeipi
1096 937 1220 1006 ieoinnt
1232 939 1329 1008 intell
1342 947 1377 1008 et
1390 940 1631 1030 througbtollssl

267 1073 389 1142 metim
410 1078 572 1142 onetnmm
593 1079 627 1142 et
647 1074 894 1142 oonmetndinee
915 1075 956 1141 de
977 1074 1221 1163 qnibmormqne
1242 1077 1449 1146 mercimonio
1468 1083 1528 1146 ent
1548 1101 1632 1148 mer·

266 1211 398 1278 mndieir
411 1211 500 1278 inira
513 1212 634 1279 diotem
643 1212 757 1279 villnm
771 1217 915 1280 nostram
929 1213 970 1280 de
981 1212 1086 1279 Avnn
1100 1217 1159 1280 ent
1172 1213 1242 1301 ejnr
1254 1213 1438 1284 libertatem
1451 1217 1634 1286 ementibne

266 1353 296 1415 et
307 1347 524 1416 vendentibus
538 1354 596 1418 eut
609 1373 668 1437 per
682 1351 801 1418 dietam
812 1351 924 1418 villnm
938 1353 996 1418 ent
1010 1348 1080 1438 ejue
1093 1349 1277 1419 libertatem
1287 1374 1362 1419 oum
1372 1354 1587 1422 mercimoniis
1600 1360 1634 1424 et

266 1486 468 1554 meronndieie
497 1487 740 1554 transeuntibus
763 1488 811 1555 ile
838 1488 934 1577 plene
958 1489 1042 1556 sient
1066 1491 1100 1556 et
1122 1487 1250 1556 inoiunt
1275 1488 1451 1577 burgeneee
1470 1491 1574 1560 nostri
1593 1493 1636 1564 de

264 1619 428 1690 Reimea
443 1629 477 1690 et
490 1623 595 1690 Nrrrn
604 1625 675 1692 illie
690 1625 831 1712 exeeptis
844 1625 900 1713 qni
913 1625 1000 1693 inim
1010 1625 1191 1692 dominium
1204 1631 1350 1694 noetrnm
1361 1627 1403 1695 de
1418 1627 1635 1697 Gmrroneer

266 1767 297 1828 et
316 1762 471 1830 Momm
495 1787 535 1830 ex
553 1765 749 1852 antiquitate
770 1769 804 1832 et
822 1771 909 1832 rento
928 1766 1161 1834 oomnetndine
1178 1765 1366 1832 theolonere
1383 1788 1451 1834 non
1472 1770 1634 1834 mimntm.

267 1897 318 1968 Ite
330 1907 443 1968 temen
465 1902 553 1989 qnod
573 1902 753 1990 preponitur
773 1903 857 1969 diote
871 1903 949 1970 ville
963 1903 1003 1970 de
1024 1904 1129 1971 Avrn
1150 1903 1208 1990 qni
1228 1925 1288 1990 pro
1308 1908 1453 1992 tempore
1474 1903 1574 1971 inuit
1594 1905 1636 1972 de

267 2038 413 2106 omnibns
435 2039 607 2106 theoloniie
628 2039 831 2108 onetumnriir
852 2045 886 2108 et
907 2040 1193 2108 oonenetndinibne
1213 2041 1259 2108 eie
1279 2041 1381 2129 eeptie
1399 2045 1432 2108 et
1449 2041 1586 2129 remptie
1599 2041 1636 2110 in

267 2176 418 2244 lemnario
448 2181 558 2244 noetro
587 2177 627 2244 de
653 2175 839 2244 Kinnnmr
865 2177 1036 2246 annuatim
1065 2177 1159 2245 nobie
1187 2183 1221 2246 et
1249 2176 1421 2246 heredibus
1450 2179 1569 2246 noetio
1599 2179 1636 2246 in

268 2319 459 2402 perpetuum
487 2314 686 2401 respondent
747 2313 791 2380 In
823 2313 918 2402 eujus
945 2313 993 2380 rei
1021 2313 1244 2382 testimoninm
1271 2313 1472 2402 presentibus
1492 2315 1638 2403 sigillum

267 2452 451 2518 eenoellnrie
475 2455 583 2518 noetre
609 2451 650 2518 de
675 2449 861 2518 Kennnrrr
890 2455 939 2518 eet
967 2474 1155 2540 appensum,
1201 2451 1280 2519 Hiie
1305 2451 1442 2518 testibus
1470 2451 1636 2518 lomim

267 2587 474 2658 Dinnmnrn
504 2589 682 2656 Enwinoo
704 2590 745 2657 de
766 2581 971 2656 Srnlnnrne
1007 2588 1186 2656 Enwinno
1210 2587 1451 2656 Dimmenne
1478 2587 1640 2656 militibus

269 2725 392 2794 Trione
414 2727 613 2794 Morimene
634 2725 800 2794 Jomlnrrn
823 2727 993 2794 Binomm
1016 2732 1050 2794 et
1071 2727 1153 2794 nliie
1198 2726 1324 2793 Dntnm
1344 2726 1381 2792 in
1403 2731 1507 2793 oestro
1528 2731 1639 2794 noetio

269 2863 451 2932 Kinnmrr
480 2863 629 2932 vioeeimo
654 2863 707 2931 die
732 2863 857 2952 Aprilis
886 2887 972 2931 enno
1000 2864 1095 2952 regni
1124 2863 1227 2952 Regio
1250 2861 1424 2930 Enwnnm
1449 2861 1542 2930 tereii
1565 2865 1640 2950 poet

271 2999 485 3088 Oonqueetum
515 3001 761 3090 qnedmgeeimo
783 3000 928 3088 septimo.

308 3161 381 3229 The
402 3162 487 3228 lnbol
509 3162 649 3229 remnine
669 3161 731 3229 but
751 3159 808 3228 the
829 3162 895 3228 eenl
917 3162 946 3228 ie
966 3162 1038 3230 loet.
1084 3161 1155 3230 The
1176 3163 1316 3250 original
1338 3163 1464 3229 obanter
1487 3161 1517 3228 ie
1538 3159 1638 3227 mnolr

270 3299 376 3378 inded,
399 3297 459 3365 bnt
480 3299 560 3367 with
581 3302 609 3368 it
630 3323 684 3367 are
706 3304 771 3367 two
792 3301 897 3387 oopiee
918 3300 953 3367 oi
973 3299 1133 3386 tolerably
1154 3300 1245 3386 early
1266 3299 1352 3381 dete,
1373 3322 1416 3365 on
1437 3297 1635 3386 parchment

272 3437 341 3504 One
354 3437 392 3501 ol
403 3436 493 3502 these
506 3437 534 3503 ie
545 3437 687 3504 oertified
702 3436 831 3525 “Oopie
844 3461 919 3505 vere
929 3439 1120 3506 oonoordetn
1129 3443 1313 3525 oompnrete
1323 3441 1357 3504 et
1368 3437 1554 3505 exeminntn
1563 3459 1638 3503 oum

268 3573 427 3660 originali.
472 3573 613 3662 Morgnn
630 3573 719 3656 Rioe,
744 3573 885 3642 Olerioue
907 3575 994 3642 ville
1016 3577 1057 3642 de
1076 3575 1185 3642 Aren.
1222 3573 1322 3643 Onr.''
1367 3573 1419 3641 On
1434 3574 1491 3640 the
1505 3572 1640 3640 otberir

268 3711 495 3779 “Exeminnte
510 3712 607 3779 viimo
621 3713 675 3780 die
688 3713 814 3802 Aprilis
834 3713 934 3781 Anno
955 3713 1092 3780 Domini
1115 3711 1222 3780 Onroli
1241 3713 1373 3780 eeoundi
1393 3711 1496 3798 Regis
1516 3711 1639 3780 xviiivo

270 3850 381 3934 (1666)
406 3873 464 3936 per
486 3873 538 3916 me
559 3848 745 3918 Jobennem
770 3849 950 3937 Rumeey.'’

305 4009 343 4070 (1)
352 4003 441 4056 'Ie-toll
462 4009 691 4131 eadwi-toll,
712 4013 815 4072 obergee
829 4026 861 4062 on
877 4013 982 4073 importe
996 4013 1046 4060 end
1066 4012 1143 4072 goods
1158 4011 1252 4060 enrried
1266 4011 1322 4059 into
1336 4025 1364 4058 or
1380 4011 1489 4072 through
1503 4009 1547 4059 tho
1561 4014 1630 4059 town

275 4094 302 4128 or
316 4094 376 4131 orer
386 4081 480 4130 certain
497 4097 509 4128 r
