4009 5434
1512 664 1578 733 217

242 994 320 1040 msa
343 970 473 1041 ballivis
499 938 714 1061 burgensibus
740 970 999 1043 inhabitantibus
1027 976 1213 1047 tenentibus
1241 983 1275 1047 ct
1297 978 1517 1050 residentibus
1543 980 1623 1050 ville

244 1113 356 1179 nostre
384 1110 426 1178 de
451 1108 606 1177 ossum
630 1111 776 1180 salutem

291 1270 498 1361 inspeximus
517 1274 628 1343 literas
645 1278 794 1362 patentes
815 1244 940 1342 domini
958 1275 1062 1343 nostri
1083 1275 1186 1367 Regis
1206 1300 1295 1347 nunc
1317 1272 1489 1347 Ecwauni
1513 1264 1621 1369 qiam

245 1433 386 1497 quarum
406 1412 521 1479 datum
542 1416 592 1480 est
611 1412 761 1481 vicesimo
784 1414 921 1501 septimo
944 1413 999 1481 die
1024 1414 1143 1481 mensis
1165 1414 1280 1484 Martii
1299 1438 1386 1487 anno
1404 1418 1499 1507 regni
1518 1418 1623 1509 Regis

245 1548 326 1616 dicti
361 1544 486 1616 domini
522 1548 625 1637 Regis
660 1551 775 1637 quinto
815 1548 1021 1641 [commu]
1056 1550 1151 1619 dictis
1182 1552 1311 1623 ballivis
1344 1554 1559 1645 burgensibus
1588 1560 1623 1625 et

245 1683 504 1756 inhabitantibus
539 1686 625 1753 dicte
660 1686 738 1753 ville
772 1691 881 1754 nostre
917 1688 1142 1756 confirmantes
1171 1690 1212 1757 de
1241 1692 1390 1760 omnihus
1418 1691 1623 1761 libertatibus

245 1821 494 1890 comoditatibus
505 1822 711 1904 franchessiis
724 1826 759 1891 ct
771 1824 1057 1893 consuetudinibus
1071 1825 1112 1893 ab
1129 1826 1263 1914 antiquo
1278 1829 1411 1917 agitatis
1424 1835 1463 1898 ut
1476 1832 1512 1897 in
1526 1829 1622 1899 dictis

245 1958 348 2026 literis
361 1960 547 2048 patentibus
566 1960 646 2028 dieti
664 1960 800 2029 Domini
819 1960 921 2029 nostri
940 1960 1043 2049 Regis
1057 1962 1186 2051 plenius
1204 1965 1394 2035 continetuh
1433 1965 1504 2035 Nos
1517 1966 1621 2055 igitur

246 2096 481 2165 considerantes
500 2097 689 2165 fidelitatem
709 2100 797 2186 quod
814 2098 934 2187 prefati
952 2098 1128 2188 burgenses
1142 2105 1176 2168 et
1189 2097 1409 2173 inhabitantes
1423 2128 1500 2193 erga
1513 2109 1621 2173 nocet
1697 2136 1703 2151 ·

245 2239 456 2303 antecessores
469 2239 595 2303 nostros
606 2235 792 2304 babuerunt
812 2241 847 2304 et
866 2235 991 2306 habent
1009 2241 1043 2305 et
1063 2238 1100 2305 in
1120 2238 1233 2307 futuro
1254 2264 1333 2329 erga
1353 2264 1412 2309 nos
1432 2241 1565 2311 heredes
1586 2246 1620 2311 et

244 2393 437 2440 massora
459 2377 584 2440 norea
606 2372 773 2441 seusus
800 2363 1015 2453 anemone
1043 2376 1270 2445 emenone
1298 2381 1333 2445 a
1361 2378 1620 2481 mammona

247 2509 393 2577 omnium
422 2513 457 2577 et
481 2509 683 2599 hingmaram
710 2509 965 2579 irauohesierum
989 2516 1024 2579 et
1051 2510 1239 2584 libertatum
1266 2514 1303 2581 in
1332 2514 1428 2583 cartis
1456 2519 1489 2583 et
1516 2501 1620 2584 litesis

245 2645 368 2713 domini
379 2646 484 2715 bostri
504 2645 607 2737 Regis
624 2647 761 2736 predicti
779 2652 814 2716 et
831 2653 1067 2717 antecessorum
1085 2654 1267 2719 nostrorum
1286 2649 1436 2719 videlicet
1455 2650 1617 2720 Huoorsrs

244 2783 275 2850 lc
297 2782 455 2851 arsum
478 2783 605 2852 'l'norsa
630 2785 662 2852 le
686 2785 844 2853 sperma
866 2785 1036 2855 Isasmrs
1063 2787 1232 2856 Gomitisse
1254 2787 1444 2857 W1oou1s11s
1468 2788 1617 2857 Rsosnm

244 2918 383 2988 Nnvmn
401 2922 538 2988 donatas
556 2924 591 2989 et
608 2922 812 2990 confirmatas
833 2923 875 2991 de
898 2922 1029 3012 speciali
1047 2924 1154 3012 gratia
1173 2928 1283 2993 nostra
1304 2930 1392 2993 ratus
1409 2924 1565 2995 habentes
1583 2932 1618 2996 et

243 3062 352 3145 gratas
365 3081 420 3125 eas
432 3080 492 3146 pro
505 3058 599 3127 nohis
611 3058 784 3146 heredibus
794 3064 834 3129 et
844 3060 1074 3130 suecessoribus
1088 3062 1205 3131 nostris
1219 3066 1379 3149 quantum
1397 3062 1434 3129 in
1453 3062 1548 3131 nobis
1568 3068 1619 3132 est

243 3199 444 3283 acceptamus
463 3194 678 3283 approbemus
695 3198 891 3266 ratificamus
906 3203 941 3267 st
954 3200 1181 3267 confirmamus
1195 3220 1233 3267 eo
1248 3200 1335 3287 quod
1348 3198 1428 3266 dicti
1441 3200 1617 3289 burgenses

242 3334 277 3399 et
284 3330 505 3401 inhabitantes
513 3332 550 3399 in
560 3332 680 3401 tuturis
689 3334 898 3423 electionibus
908 3335 1101 3405 ballivorum
1112 3337 1197 3405 dicte
1205 3336 1283 3403 ville
1293 3340 1401 3404 nostre
1411 3337 1452 3405 de
1462 3335 1615 3404 Usamus

241 3490 300 3556 pro
322 3468 409 3537 bono
430 3468 589 3558 regimine
613 3469 735 3539 ibidem
755 3470 966 3560 immeterum
991 3473 1142 3561 eligenda
1163 3478 1197 3542 et
1218 3474 1409 3541 assumenda
1429 3472 1554 3563 eligant
1578 3474 1615 3541 in

240 3603 378 3675 ballivos
390 3606 431 3675 de
441 3606 672 3675 valentioribus
681 3606 938 3695 potentioribus.
963 3660 971 3675 .
996 3658 1004 3675 .
1021 3612 1055 3676 et
1068 3608 1253 3678 melior-ihm
1266 3610 1410 3697 personis
1419 3610 1496 3679 ville
1507 3613 1615 3679 nostre

239 3742 391 3831 predicte.
437 3742 485 3811 Fu
497 3743 634 3812 nlteiius
646 3746 690 3812 ad
702 3744 895 3813 instanciam
909 3750 944 3813 et
960 3746 1091 3833 speciali
1111 3746 1319 3835 requisitione
1340 3746 1499 3814 dictcmm
1519 3745 1614 3831 baut

241 3903 355 3951 vorum
367 3880 579 3971 burgensium
595 3886 631 3950 et
649 3881 904 3950 inhabitantium
924 3883 1003 3951 ville
1024 3888 1132 3951 nostre
1149 3852 1294 3971 'pedicis
1316 3884 1357 3950 de
1378 3882 1484 3971 gratia
1505 3886 1616 3951 nostra

241 4019 443 4087 concedimus
455 4020 576 4089 eisdem
593 4018 722 4087 ballivis
742 4020 800 4107 qui
820 4043 909 4088 nuno
929 4025 1007 4089 sunt
1025 4024 1059 4089 et
1080 4021 1137 4109 qui
1156 4018 1278 4097 intur-is
1298 4018 1497 4107 temporibus
1518 4024 1615 4123 erunt

239 4160 278 4221 ut
298 4156 474 4243 predicitur
493 4155 637 4225 habeant
655 4161 849 4261 potestatem
869 4158 1042 4227 ordinandi
1067 4162 1102 4227 st
1126 4158 1290 4227 statuendi
1310 4158 1414 4226 cimice
1434 4158 1560 4247 regales
1580 4162 1615 4227 et

200 4272 205 4281 “
237 4290 408 4361 smnus
420 4292 474 4361 us
492 4293 586 4363 sous
601 4296 766 4379 annau
811 4291 963 4364 Paua
983 4294 1186 4363 oenoeamu
1207 4294 1301 4363 usus
1322 4294 1451 4363 unua
1471 4294 1613 4385 burgen·

238 4429 326 4498 sibus
353 4434 388 4499 et
415 4429 673 4501 inhabitantibus
700 4431 778 4502 ville
803 4436 911 4501 noch-e
935 4431 1078 4521 predicte
1106 4432 1330 4501 auctoritatem
1358 4436 1393 4501 et
1419 4436 1613 4521 potestatem

237 4566 773 4661 nominandieteligendiinloco
793 4568 892 4639 unius
912 4567 1026 4639 ballivi
1046 4569 1256 4657 imposterum
1276 4568 1612 4659 utpreterturslecti
