4009 5434
394 682 457 748 190

346 994 572 1091 rem'Pnouss
579 994 728 1064 Yousrs
739 994 1008 1083 inperteboreeli
1018 994 1399 1063 dimidinmeersmterm
1408 996 1569 1085 jaeentem
1580 1000 1726 1086 quedam

348 1133 558 1226 elsuseiapud
570 1132 839 1215 Inenmnuuos
851 1132 938 1200 inter
951 1136 1071 1200 terrem
1084 1132 1108 1200 J
1109 1154 1252 1201 onem
1266 1133 1411 1201 Lrnnos
1422 1134 1458 1201 in
1467 1140 1559 1221 purte
1573 1136 1727 1217 orientali

348 1276 383 1340 et
395 1275 515 1339 terrum
534 1270 600 1339 mei
618 1271 755 1360 predieti
773 1270 949 1340 domums
967 1270 1141 1337 Hnssnnr
1161 1292 1259 1359 quum
1278 1294 1383 1359 nuper
1400 1271 1502 1341 hebui
1523 1296 1564 1341 ex
1583 1274 1669 1342 deno
1690 1279 1727 1343 et

347 1409 558 1479 feodumente
590 1406 747 1475 Humum
776 1406 979 1515 hiemen
1007 1408 1044 1474 in
1071 1413 1164 1496 μήθ
1192 1408 1382 1489 oeeidentuli
1410 1414 1444 1477 et
1471 1414 1592 1478 terrem
1619 1434 1726 1499 nuper

348 1546 516 1615 Jomnn
538 1543 682 1614 (tunm
703 1544 740 1612 in
758 1549 851 1633 μήθ
870 1546 1004 1613 anstrudi
1025 1550 1060 1613 et
1077 1549 1208 1635 pratum
1225 1545 1394 1613 Jonssnn
1414 1546 1559 1615 Lrnnos
1578 1548 1615 1614 in
1631 1553 1724 1637 perte

347 1682 1101 1754 bomehetstinmdimidismsersmteneinde
1109 1682 1617 1772 jueentemiannosnnsnsnn
1626 1685 1725 1774 juxte

348 1822 524 1912 gardinum
551 1818 696 1889 Jssm
722 1819 871 1887 Hosm
896 1821 982 1888 inter
1006 1814 1130 1888 dietum
1155 1820 1330 1911 gardinum
1354 1821 1391 1887 in
1415 1825 1507 1907 μήθ
1531 1822 1665 1921 suetreli
1690 1828 1725 1891 et

348 1964 469 2028 terrem
489 1958 657 2026 Jonssns
678 1955 824 2024 Lrnnon
845 1956 882 2023 in
902 1962 994 2045 μήθ
1016 1956 1137 2025 boreali
1150 1962 1185 2025 et
1198 1958 1344 2046 ejusdem
1358 1956 1673 2025 memflosm
1687 1961 1724 2026 in

346 2100 440 2185 μήθ
457 2096 606 2163 orientnli
619 2100 654 2162 et
667 2098 786 2162 terrem
806 2117 911 2182 nuper
931 2062 1122 2165 Wrntsnmr
1144 2095 1288 2163 Oneum
1309 2096 1346 2162 in
1366 2100 1459 2183 μήθ
1480 2072 1678 2173 oeeidentuli¹
1690 2102 1725 2165 et

348 2237 419 2301 oete
433 2256 522 2319 seres
535 2236 619 2299 terre
632 2232 709 2299 inde
723 2231 909 2320 edissentes
922 2231 1055 2301 insimul
1066 2232 1166 2321 juxte
1179 2234 1402 2305 molendinum
1413 2234 1599 2319 equstiuum
1615 2285 1622 2300 .
1648 2286 1655 2299 .
1681 2286 1689 2300 .
1714 2286 1722 2300 .

347 2340 490 2459 inpurte
502 2370 624 2437 boreuli
638 2370 785 2458 ejusdem
803 2370 983 2437 molendini
1004 2374 1038 2437 et
1060 2370 1198 2437 alterum
1219 2371 1394 2459 gardinum
1414 2375 1565 2439 vommm
1585 2370 1723 2437 Kreus-

348 2532 420 2576 nss
443 2512 478 2577 et
500 2508 656 2575 sitrmtum
681 2511 730 2574 est
754 2531 796 2575 ex
818 2506 964 2594 opposito
990 2507 1121 2595 ospitati
1145 2507 1311 2574 mensione
1334 2505 1491 2574 Bessum
1517 2506 1664 2574 Rsems
1687 2508 1724 2573 in

348 2670 413 2736 quo
423 2652 568 2714 moretur
581 2650 616 2713 et
628 2646 664 2712 in
677 2649 770 2732 μήθ
780 2644 913 2712 australi
924 2644 1080 2732 ejusdem.
1122 2642 1323 2711 Hebendum
1334 2643 1478 2730 prediets
1489 2666 1593 2711 unum
1602 2614 1723 2710 meseu-

348 2785 461 2873 ngium
474 2807 578 2851 unum
592 2782 755 2871 eotegium
769 2782 833 2848 tn's
847 2781 985 2869 gardins
998 2786 1033 2848 et
1046 2781 1215 2848 duodeeim
1233 2804 1322 2849 seres
1338 2785 1422 2849 terre
1443 2786 1478 2849 et
1498 2785 1628 2869 pesture
1649 2804 1724 2849 eum

348 2921 552 3011 pertinentiis
564 2921 691 3008 pretate
705 2918 833 2986 Teon
847 2918 948 2985 tratre
962 2941 1034 2985 meo
1048 2923 1083 2985 et
1100 2918 1271 2985 heredibus
1291 2920 1331 2985 de
1352 2942 1481 3003 serpere
1500 2942 1558 2983 sno
1576 2919 1724 3003 legitime

347 3060 529 3148 promentis.
574 3057 766 3125 Tenendum
786 3057 827 3122 de
846 3078 899 3122 me
917 3055 1046 3143 prefate
1067 3053 1091 3121 J
1092 3073 1234 3121 onerum
1255 3058 1288 3121 et
1306 3052 1478 3121 heredibus
1500 3042 1589 3120 meis.
1634 3051 1723 3119 Red-

348 3198 455 3265 dendo
483 3197 560 3263 inde
588 3194 758 3261 annuatim
786 3192 869 3260 mihi
896 3196 931 3260 et
957 3191 1130 3260 heredibus
1157 3192 1238 3259 meis
1266 3195 1405 3279 quatuor
1433 3190 1551 3258 solidos
1583 3194 1617 3257 et
1652 3194 1724 3257 oete

349 3333 497 3402 dmsrios
513 3334 556 3399 sd
573 3331 694 3397 festum
715 3328 827 3396 Suneti
847 3328 1044 3395 nummus
1066 3328 1273 3417 erehiengeli.
1332 3327 1380 3393 Et
1399 3326 1585 3393 faeiendum
1606 3328 1725 3391 sectum

349 3470 520 3539 ennuntim
545 3471 587 3536 ed
612 3466 717 3535 eurise
740 3466 806 3534 mei
831 3470 865 3534 et
888 3465 1044 3531 heredum
1069 3487 1215 3531 meorum
1240 3464 1328 3552 apud
1352 3462 1520 3530 Lennwm
1544 3460 1725 3550 predictum

349 3610 505 3677 tenendus
518 3606 569 3674 bis
582 3574 719 3673 in'enne
732 3592 883 3671 videlieet
896 3604 939 3669 sd
952 3602 1075 3669 mnium
1088 3602 1270 3690 proximem
1284 3605 1357 3689 pest
1370 3601 1491 3668 festum
1508 3599 1725 3687 apostolomm

349 3747 516 3813 Pmmrm
530 3750 564 3811 et
577 3742 699 3811 Jseom
713 3746 747 3809 et
760 3740 940 3839 sdeurism
958 3739 1140 3827 proximem
1160 3744 1235 3827 post
1254 3738 1374 3806 festum
1396 3737 1508 3805 Ssneti
1528 3736 1727 3805 M10nse121s

349 3881 557 3970 umhinngeli.
616 3880 665 3947 Et
685 3880 728 3946 sd
748 3878 934 3945 feeiendum
955 3877 1065 3945 omnis
1086 3882 1120 3944 et
1141 3869 1348 3966 singulaque
1362 3874 1607 3965 sdhujusmodi
1626 3879 1726 3943 seete·

350 4025 435 4089 tores
462 4020 627 4107 pertinent
654 4016 841 4084 {uniendum
869 4016 1046 4083 seeundum
1079 4037 1175 4081 usum
1211 4019 1245 4082 et
1279 4012 1549 4081 eonmetndinum
1584 4009 1727 4099 partium

349 4158 494 4223 istarum
539 4156 587 4222 Et
601 4155 689 4242 quod
701 4152 784 4221 bene
797 4151 909 4219 lieebit
921 4151 1003 4218 mihi
1017 4151 1144 4239 prefato
1157 4150 1182 4218 J
1182 4172 1317 4217 omnm
1336 4174 1394 4239 per
1413 4149 1622 4217 seneeeedlum
1639 4146 1729 4215 eurie

350 4316 421 4360 mee
445 4293 588 4380 prediete
612 4314 671 4380 pro
690 4296 834 4377 tempore
855 4289 1047 4357 existentem
1068 4312 1106 4357 ee
1126 4287 1297 4357 heredibus
1315 4287 1396 4355 meis
1414 4309 1473 4375 per
1491 4309 1602 4354 eonem
1621 4306 1728 4353 senes·

219 4396 226 4403 θ
351 4428 470 4497 eutium
497 4452 556 4516 pro
585 4434 728 4516 tempere
757 4427 949 4495 existentem
974 4427 1011 4493 in
1041 4426 1129 4493 eurie
1153 4427 1298 4515 prediets
1322 4424 1486 4515 prefatum
1509 4422 1664 4491 Tuom
1693 4426 1731 4491 et

350 4568 484 4635 heredes
497 4588 571 4633 suos
583 4566 743 4654 predietee
756 4588 814 4654 per
833 4588 945 4633 eorum
966 4565 1090 4633 defulte
1111 4570 1194 4633 seete
1216 4564 1303 4633 euris
1323 4564 1465 4653 predicte
1486 4566 1525 4630 ut
1544 4561 1732 4650 prediestur
