4009 5434
456 632 521 698 124

409 968 528 1035 ponere
539 949 573 1014 et
583 968 621 1013 ee
631 944 762 1033 pseifloe
776 942 894 1013 bebere
908 948 942 1013 et
954 943 1116 1031 possidere
1130 942 1250 1029 absque
1263 941 1373 1031 sliqns
1386 940 1609 1031 proseouoione
1621 941 1717 1011 nobis
1729 965 1789 1013 een

409 1082 567 1151 ministris
580 1082 697 1151 nostris
707 1104 766 1169 pro
775 1081 895 1150 eisdem
909 1080 1096 1168 aliqualiter
1107 1079 1256 1147 feriende
1268 1079 1346 1147 lieet
1358 1080 1471 1147 sedem
1486 1084 1588 1147 terres
1599 1084 1788 1149 tenemento

409 1222 621 1310 possessiones
634 1220 720 1289 bons
735 1244 791 1289 seu
805 1220 922 1289 estella
935 1218 1026 1305 prim
1037 1218 1075 1286 in
1087 1241 1205 1286 msnus
1217 1220 1343 1285 nostres
1355 1240 1413 1285 seu
1430 1217 1587 1285 heredum
1602 1222 1788 1287 nostrornm

409 1361 518 1430 seisitn
526 1360 660 1428 inerint.
685 1358 733 1427 Et
742 1359 874 1447 insuper
881 1359 1027 1427 volentes
1036 1358 1158 1427 eisdem
1168 1354 1278 1424 ebbsti
1288 1361 1323 1424 et
1332 1356 1787 1425 eonventuietsuooessonbus

407 1498 475 1567 suis
488 1500 529 1567 de
541 1496 690 1565 omnibus
700 1496 794 1565 terris
804 1501 838 1563 et
847 1494 1097 1583 possessionibus
1107 1494 1174 1562 suis
1184 1486 1387 1562 seouritetem
1396 1493 1502 1561 isoere
1511 1493 1668 1562 buoiorem
1680 1494 1785 1563 omni·

406 1636 504 1703 modo
515 1639 618 1703 oertes
628 1634 738 1702 literss
747 1637 895 1721 petentes
905 1633 1023 1720 scripte
1032 1630 1471 1700 munimenisetevidsnoiss
1480 1634 1522 1699 de
1532 1630 1787 1700 ommbustsrris

405 1771 599 1842 tenementis
612 1776 647 1840 et
658 1767 908 1860 possessionibus
922 1769 988 1837 suis
1001 1773 1072 1837 tum
1084 1790 1143 1857 per
1155 1791 1216 1836 nos
1225 1771 1260 1835 et
1272 1768 1538 1857 primogenitores
1550 1774 1677 1838 nostres
1686 1792 1785 1858 quem

404 1934 463 1999 per
477 1910 556 1978 elios
569 1932 786 1998 quoscumque
801 1914 876 1977 ente
889 1908 949 1976 heo
963 1911 1109 1996 tempore
1124 1907 1213 1975 isote
1228 1907 1488 1980 innovavorimus
1506 1930 1544 1975 so
1562 1930 1602 1975 ee
1620 1912 1656 1976 et
1673 1906 1783 1976 omnis

403 2053 439 2116 eb
453 2048 583 2135 singnis
596 2046 693 2115 ineis
710 2050 862 2115 contente
881 2046 1002 2113 eisdem
1021 2068 1110 2113 nuno
1128 2043 1240 2113 sbbeti
1258 2049 1293 2113 et
1311 2046 1485 2114 oonrentui
1501 2050 1535 2113 sb
1555 2044 1785 2113 snooessoribus

404 2184 472 2253 suis
493 2206 552 2271 pro
575 2183 668 2251 nobis
688 2188 721 2250 et
739 2182 911 2251 heredibus
930 2184 1049 2251 nostris
1067 2182 1349 2271 epprobeverimns
1366 2183 1632 2252 rsiillosrerimns
1653 2187 1688 2252 et
1709 2206 1783 2251 oon·
1811 2190 1820 2207 ‘

404 2320 638 2389 firmaverimus
656 2320 733 2387 lieet
754 2321 796 2387 de
818 2319 882 2387 hiis
901 2320 937 2387 in
956 2320 1158 2409 presentibus
1176 2344 1326 2409 expresse
1344 2323 1469 2390 mensio
1484 2320 1574 2389 inste
1588 2343 1656 2390 non
1672 2321 1782 2389 inerIt

405 2456 562 2527 Volentes
578 2457 666 2544 quod
683 2456 711 2523 si
730 2457 818 2545 quod
837 2455 901 2523 hiis
918 2457 1003 2525 dono
1023 2462 1058 2526 et
1076 2458 1276 2527 oonoessione
1292 2458 1411 2527 nostris
1432 2458 1469 2525 in
1491 2458 1601 2546 sliqno
1621 2459 1785 2546 prsveleet

403 2593 505 2663 ebbss
529 2591 651 2661 ibidem
675 2616 734 2681 pro
759 2598 903 2681 tempore
932 2594 1073 2663 existens
1101 2594 1254 2662 sffeotnm
1277 2617 1390 2663 eornm
1414 2599 1449 2663 et
1473 2595 1648 2684 eujuslibst
1671 2616 1783 2663 eorum

404 2729 523 2797 bnbeol
536 2733 570 2796 et
583 2752 620 2796 eo
634 2730 777 2817 gaudent
790 2734 824 2796 et
837 2733 949 2797 utebsr
961 2729 1026 2797 hiis
1039 2732 1125 2797 dono
1139 2731 1383 2801 oonlirmnoione
1396 2736 1431 2799 eb
1444 2732 1643 2801 oonoessione
1663 2733 1782 2801 nostris

405 2866 442 2933 in
461 2866 570 2954 sliquo
590 2888 656 2933 non
676 2865 832 2933 obstante.
877 2866 925 2934 Et
943 2867 1080 2935 ulterius
1098 2870 1344 2937 oenoesserimns
1362 2892 1422 2958 pro
1440 2868 1534 2937 nobis
1556 2875 1591 2938 el
1612 2869 1784 2939 heredibus

405 3003 523 3070 nostris
537 3002 687 3090 predictis
701 3002 811 3070 ebbeti
825 3007 859 3071 et
872 3005 1046 3071 oonventui
1064 3009 1099 3072 et
1117 3006 1346 3075 snooessoribus
1365 3007 1432 3075 sois
1450 3008 1603 3095 prediotis
1616 3010 1705 3096 quod
1723 3031 1784 3078 neo

405 3139 474 3227 ipse
488 3138 587 3207 sbbss
600 3161 659 3206 neo
674 3161 864 3231 suooeesores
878 3141 928 3207 sui
942 3142 983 3208 ds
998 3140 1160 3229 aliquibus
1173 3142 1376 3212 libertatibus
1389 3144 1579 3213 irsnobesiis
1593 3145 1784 3232 qnietsnoiis

405 3276 499 3343 terris
518 3276 711 3343 tenementis
731 3276 979 3363 possessionibus
1000 3280 1095 3347 seotis
1115 3285 1150 3349 et
1169 3280 1348 3370 privilegiis
1370 3282 1491 3349 eisdem
1514 3281 1625 3350 ebbeti
1649 3287 1685 3351 et
1708 3305 1783 3352 oon·

345 3512 348 3517 Ι
405 3412 519 3479 ventui
532 3434 589 3499 per
602 3417 699 3479 antee
712 3412 797 3479 detis
811 3414 934 3481 eollstis
945 3438 1001 3483 seu
1010 3438 1069 3503 per
1078 3438 1133 3484 eos
1141 3416 1263 3485 habitis
1273 3423 1307 3487 et
1315 3420 1444 3487 ositetis
1452 3419 1578 3487 ratione
1589 3421 1783 3509 eooepoionis

406 3526 563 3635 preesse
582 3553 668 3617 sse
683 3552 792 3617 nosse
809 3550 993 3637 aliqualiter
1012 3555 1225 3623 exsensus
1243 3556 1297 3625 vs
1315 3557 1525 3644 quomens
1541 3558 1784 3645 pejusoenss

409 3684 620 3752 molestenbrr
632 3686 853 3773 inquietenbrr
867 3711 924 3755 sen
937 3695 1122 3777 graventur.

455 3822 529 3891 Hes
543 3827 652 3889 eutem
666 3824 857 3891 doneriones
871 3828 1085 3897 consessiones
1098 3829 1325 3899 innorsoionss
1334 3834 1594 3901 oonlirmsoiones
1603 3838 1639 3901 et
1647 3834 1784 3902 retilloe·

411 3958 519 4026 oiones
528 3960 662 4045 prefatis
671 3982 759 4027 nuno
769 3960 878 4027 ebbsti
889 3966 923 4028 st
933 3965 1106 4033 oonventui
1119 3971 1154 4034 st
1163 3968 1392 4042 suecessoribus
1402 3970 1469 4038 suis
1478 3970 1615 4039 issimus
1623 3970 1661 4038 in
1669 3994 1785 4059 pnrsm

413 4098 448 4162 et
465 4098 653 4180 perpetuom
673 4095 879 4164 elemosinam
897 4098 1136 4189 imperpetuum
1154 4105 1197 4172 sd
1220 4107 1451 4195 omnipotentis
1467 4107 1533 4175 Dei
1548 4109 1680 4177 leudem
1699 4114 1734 4178 et
1748 4108 1785 4176 in

412 4230 567 4298 honorem
592 4230 694 4298 Beate
718 4230 840 4299 mmm
864 4233 1001 4323 virginis
1023 4241 1205 4326 suprsdiote
1226 4247 1261 4311 et
1280 4266 1340 4333 pro
1359 4244 1445 4313 bono
1466 4249 1555 4313 stetu
1574 4250 1685 4314 nostro
1706 4247 1787 4314 dum

412 4366 587 4433 vixerimus
600 4370 634 4433 et
648 4366 750 4435 salute
764 4367 871 4435 enims
884 4375 992 4439 nostre
1006 4396 1081 4441 enm
1094 4375 1137 4443 eb
1150 4376 1211 4445 bno
1220 4378 1293 4447 lnos
1301 4381 1550 4471 migraverimus
1559 4387 1594 4451 et
1602 4382 1787 4451 animarum

413 4499 559 4567 omnium
573 4501 813 4588 progenitorum
823 4510 1004 4575 nostrorum
1014 4514 1049 4577 et
1058 4512 1205 4582 omnium
1215 4514 1362 4586 fidelium
1372 4518 1609 4587 defunetornnn
1635 4519 1689 4587 Eo
1698 4521 1788 4609 qnod

411 4656 560 4721 expresse
579 4636 703 4703 menoio
724 4637 766 4704 de
786 4661 861 4709 vero
881 4643 989 4711 valore
1010 4668 1120 4717 snnuo
1140 4673 1198 4719 sen
1218 4652 1328 4740 sliqno
1348 4656 1457 4725 rslore
1476 4658 1706 4743 premissorum
1729 4680 1790 4727 seu
