4009 5434
1545 687 1567 755 3

240 1025 293 1071 ms
305 1007 339 1071 91
353 1001 526 1070 heredibus
539 1000 620 1069 meis
634 1000 781 1088 quietum
794 1001 947 1068 elamssse
961 998 1112 1068 omnibus
1129 999 1345 1090 burgensibus
1358 1004 1393 1070 91
1406 1000 1612 1070 9199999199

244 1139 321 1207 9919
335 1141 369 1206 91
382 1136 533 1206 omnibus
545 1136 731 1206 hominibus
744 1137 938 1227 Anglieanis
951 1137 1032 1205 meis
1046 1137 1083 1205 in
1096 1138 1176 1206 villu
1188 1159 1263 1206 mss
1275 1139 1317 1206 de
1331 1139 1459 1206 Arm
1473 1145 1507 1206 91
1520 1142 1612 1207 extra

245 1277 353 1344 villam
368 1299 480 1345 omnes
493 1275 659 1344 1119919199
672 1275 709 1342 19
723 1275 811 1344 diets
820 1274 949 1343 villarie
960 1273 1088 1342 Avsnr
1102 1277 1137 1343 91
1149 1275 1185 1343 19
1199 1279 1270 1344 1919
1284 1277 1428 1344 dominio
1440 1299 1513 1345 meo
1526 1277 1614 1346 infra

240 1413 362 1480 limites
376 1413 417 1480 19
431 1413 559 1478 svm
575 1434 655 1500 quas
668 1409 1004 1479 19199199999991999
1024 1411 1148 1480 domini
1167 1411 1324 1480 Luem
1340 1435 1383 1502 ep
1401 1412 1556 1482 1199999
1577 1413 1614 1481 19

244 1549 307 1616 1119
324 1547 461 1637 seriptis.

288 1710 399 1779 Seiani
412 1715 575 1798 presentes
589 1715 622 1778 91
643 1709 745 1778 futuri
767 1711 854 1796 qued
876 1733 937 1798 ego
959 1709 1142 1778 Lsrsarsus
1162 1734 1205 1800 ap
1227 1709 1381 1779 1199999
1403 1713 1553 1780 dominus
1574 1715 1616 1782 (19
1736 1761 1742 1782 .

222 1925 224 1929 ,
247 1848 370 1916 Araus
386 1847 462 1916 dedi
476 1847 737 1915 9999999191199
754 1847 894 1936 presenti
914 1852 1002 1914 99919
1023 1869 1097 1915 mee
1112 1847 1299 1915 eonflrmsvi
1312 1847 1461 1917 omnibus
1474 1849 1615 1938 burgen·

243 1985 333 2052 sibus
347 1989 380 2052 91
394 1985 494 2053 elium
509 1982 714 2051 uheneeribus
728 1983 808 2051 meis
830 1984 870 2052 de
892 1983 1020 2053 Avarus
1042 1990 1076 2052 91
1089 2008 1200 2053 eorum
1213 1985 1386 2054 heredibus
1398 1991 1431 2054 91
1446 1987 1617 2076 assignatis

245 2143 358 2189 emnes
371 2120 539 2188 hbertatss
551 2121 586 2188 in
601 2119 681 2187 vills
694 2143 767 2188 mes
780 2122 821 2188 de
834 2124 961 2188 Avssn
977 2145 1057 2210 quse
1070 2121 1192 2190 191991
1205 2121 1381 2212 burgenses
1394 2124 1436 2191 de
1449 2123 1616 2192 Karsrrs

249 2256 368 2324 inlram
391 2256 505 2324 villam
525 2257 566 2323 de
587 2255 752 2324 Krnurrs
774 2257 865 2340 19199,
885 2257 1067 2326 dominium
1089 2259 1211 2326 demini
1232 2259 1369 2327 Comitis
1389 2259 1562 2328 Glovernie
1584 2264 1618 2328 91

251 2391 440 2461 Herliordie
464 2399 620 2481 quantum
644 2393 680 2460 19
705 2417 758 2460 me
781 2399 830 2460 991
853 2395 1046 2463 9999999191
1069 2418 1128 2484 pm
1150 2419 1203 2464 me
1227 2401 1261 2463 91
1283 2395 1455 2464 heredibus
1479 2398 1560 2464 meis
1584 2401 1618 2464 91

252 2531 421 2619 assignatis
445 2529 596 2617 predictis
620 2530 835 2619 burgensibus
858 2535 891 2599 91
912 2531 1118 2600 9199999199
1137 2533 1219 2600 meis
1239 2534 1280 2602 de
1301 2533 1427 2600 Arnus
1453 2538 1487 2601 91
1508 2556 1619 2601 eorum

252 2665 420 2735 heredibus
435 2672 468 2734 91
483 2667 654 2756 assignetis
667 2669 767 2737 libers
779 2670 886 2756 quiete
897 2669 978 2738 bene
993 2672 1076 2739 9119
1090 2694 1168 2760 pase
1183 2676 1216 2738 91
1230 2672 1299 2738 9199
1312 2671 1422 2759 aliqua
1435 2671 1621 2758 calumpnia

252 2805 405 2876 19991919
419 2811 451 2874 91
467 2807 606 2895 1991919
620 2809 656 2876 19
671 2809 820 2877 omnibus
837 2810 1022 2876 nemoribus
1043 2808 1212 2875 hominum
1226 2831 1371 2876 meorum
1385 2810 1426 2876 de
1440 2830 1492 2876 me
1506 2813 1618 2874 19999-

253 2944 1293 3036 91919919119919919999199991999919991911199991199999
1314 2945 1350 3011 in
1371 2949 1563 3034 perpetuum
1584 2945 1620 3012 in

254 3082 400 3150 omnibus
413 3083 491 3150 19919
504 3083 593 3150 silvis
606 3085 708 3170 prubis
722 3083 847 3171 pascuis
862 3088 895 3150 91
909 3083 1049 3171 pasturis
1059 3084 1095 3148 in
1109 3088 1252 3171 tompore
1266 3091 1377 3171 aperto
1391 3105 1488 3172 super
1500 3087 1620 3150 terram

255 3241 366 3285 meam.
412 3217 459 3286 Es
488 3219 587 3286 eliam
615 3219 706 3286 illam
732 3223 896 3306 pasturam
921 3219 1083 3287 inlabere
1111 3221 1151 3286 de
1180 3220 1211 3286 19
1241 3219 1353 3286 Duras
1376 3242 1439 3306 que
1462 3223 1510 3286 991
1536 3220 1621 3285 19199

255 3357 498 3426 0999999999
515 3361 548 3424 91
560 3358 667 3425 199991
682 3357 739 3444 qui
755 3357 873 3424 dieitur
895 3355 1135 3424 Ksnusnnssz
1156 3359 1242 3424 19199
1263 3364 1383 3424 199991
1405 3355 1559 3423 arabilem
1580 3357 1621 3422 ds

256 3493 435 3564 Tssusxsz
454 3518 555 3583 usque
576 3497 618 3562 ad
633 3500 752 3563 terram
767 3495 921 3562 arabilem
937 3519 1032 3582 super·
1045 3495 1076 3562 le
1091 3494 1205 3561 Duras
1221 3495 1256 3561 in
1271 3493 1517 3581 omnitempore
1532 3493 1619 3559 9991

255 3631 299 3700 Et
313 3634 341 3700 si
355 3633 524 3723 eunlingsl
545 3655 597 3702 ms
619 3638 678 3701 991
699 3633 832 3703 heredes
852 3635 904 3701 vel
926 3632 1105 3720 assignatos
1126 3655 1213 3699 meos
1234 3632 1317 3698 91999
1338 3631 1480 3717 aliquam
1501 3634 1622 3696 terram

249 3771 463 3836 elaustrursm
488 3770 591 3837 199999
615 3774 648 3837 91
670 3769 756 3836 diuis
777 3769 924 3836 slsusurs
945 3773 1105 3856 prostrata
1126 3769 1223 3834 fuerit
1244 3790 1302 3856 per
1322 3768 1441 3836 1991199
1463 3767 1621 3834 diriorum

255 3905 464 3994 burgensium
489 3927 545 3972 seu
569 3906 774 3974 eheneiorum
797 3911 950 3973 tenentur
975 3907 1111 3972 eandem
1139 3906 1350 3972 olsustrursm
1376 3904 1480 3971 faeere
1504 3904 1623 3971 iberum

251 4049 446 4110 9999119999.
491 4041 538 4110 Es
567 4045 666 4110 eiiam
691 4043 858 4112 19191991
881 4065 1084 4110 communem
1107 4049 1272 4130 paslurem
1293 4043 1329 4108 in
1348 4046 1491 4129 tempore
1513 4046 1624 4128 aperto

227 4275 234 4288 ἱ
257 4179 440 4246 nemoribus
468 4179 569 4247 bessis
598 4181 701 4268 pratis
729 4180 854 4269 psseuis
883 4185 916 4247 91
945 4179 1086 4268 pasturis
1115 4179 1285 4245 hominum
1313 4199 1459 4244 meorum
1496 4177 1536 4244 de
1572 4199 1624 4242 me

252 4318 440 4384 1999991919
461 4317 680 4406 sujusuunque
702 4317 894 4385 soubilionis
915 4317 1047 4384 1999191

299 4479 348 4546 Et
370 4501 464 4566 super
483 4480 627 4572 hoeego
649 4479 793 4548 Tuouss
814 4480 901 4548 filius
925 4480 1050 4546 domini
1071 4479 1246 4547 19999999
1270 4479 1312 4546 de
1336 4476 1462 4545 Arrrur
1487 4475 1626 4543 99999991

254 4615 401 4682 relaxavi
416 4619 448 4683 91
461 4639 520 4705 pro
533 4639 587 4686 me
600 4620 634 4686 91
648 4616 819 4684 heredibus
834 4618 914 4684 meis
927 4617 1074 4705 quietum
1091 4616 1228 4684 ulamavi
1248 4612 1399 4684 omnibus
1411 4609 1627 4699 burgensibus
1748 4660 1751 4667 .
