4009 5434
1489 663 1553 729 137

220 980 302 1049 huic
315 978 457 1069 presenti
471 984 558 1046 carte
571 978 716 1067 siffl'llum
731 998 841 1046 meum
854 1000 985 1068 presens
996 978 1139 1067 apposni
1166 976 1246 1047 Hiis
1255 978 1392 1046 testibus
1402 976 1598 1047 Wiaasniso

220 1120 405 1187 unios
422 1116 522 1184 militi
536 1124 615 1184 tnnc
635 1114 815 1184 Senssfflc
838 1114 1024 1185 cocum
1053 1116 1220 1185 domus
1242 1116 1405 1184 Dswniu
1426 1122 1506 1183 tuno
1527 1138 1598 1204 pre·

221 1250 331 1347 pcn‘t'o
355 1254 431 1321 cille
456 1254 498 1321 ds
523 1252 733 1321 Swnisnsni
771 1252 794 1322 J
795 1274 863 1322 scis
889 1252 1031 1323 Wiusn
1067 1252 1194 1322 'l'noiin
1218 1254 1352 1322 Pccocii
1374 1259 1408 1323 et
1432 1253 1456 1322 J
1456 1276 1600 1323 omnus

223 1390 330 1461 Dm
345 1400 379 1459 et
392 1392 505 1459 multis
519 1390 600 1459 aliis
645 1390 735 1459 Date
748 1392 836 1479 apud
850 1389 1061 1459 Suessam
1081 1404 1218 1459 xiiviimo
1239 1392 1293 1458 die
1313 1392 1433 1460 mensis
1454 1390 1602 1461 Octobris

223 1552 314 1598 anno
328 1531 423 1619 remi
438 1529 541 1617 Regis
556 1528 711 1597 Hmici
726 1530 809 1597 sexti
824 1536 896 1617 post
910 1535 1121 1617 conquestum
1135 1530 1314 1597 undecimo.

271 1668 349 1735 fleat
363 1690 456 1755 gone.

836 1876 998 1947 ocem.

257 2016 516 2087 APPROVAL
552 2017 619 2087 ΒΥ
655 2016 755 2086 THE
792 2016 1018 2085 OHAP'I'ER
1053 2016 1114 2086 OF
1150 2016 1411 2087 LLANDAFF
1447 2018 1508 2087 OF
1543 2017 1579 2088 A

704 2154 856 2224 Lassa
893 2154 953 2223 OF
988 2154 1131 2224 Nasu

777 2292 914 2383 [Canus
943 2292 1059 2383 MSS]

1307 2410 1328 2475 3
1350 2408 1439 2475 Duc:
1465 2410 1559 2475 1432.

276 2542 446 2611 Universis
460 2548 569 2611 sancte
582 2542 695 2611 mati-is
709 2542 837 2611 ecclesis
851 2542 927 2611 filiis
940 2544 983 2611 ad
998 2566 1136 2631 quorum
1157 2544 1310 2611 noticiam
1331 2549 1493 2632 presentes
1513 2546 1607 2613 litere

227 2680 437 2769 pervenerint
461 2680 702 2749 archidiaconus
727 2686 761 2747 et
783 2680 960 2768 capitulum
986 2682 1115 2749 ecclesie
1143 2682 1335 2749 cathedralis
1362 2680 1607 2751 Lsunsvsissis

229 2818 370 2887 sulutem
383 2818 420 2885 in
434 2841 471 2886 eo
486 2818 543 2906 qui
556 2823 606 2887 cst
619 2818 765 2886 omnium
779 2841 855 2886 vera
869 2818 963 2885 scius.
1008 2817 1174 2887 Noveritis
1187 2843 1246 2886 nos
1260 2820 1434 2907 inspexisse
1452 2820 1607 2907 scriptum

228 2955 399 3023 reverendi
416 2954 452 3021 in
471 2954 599 3022 Christo
616 2954 717 3042 petiis
736 2959 769 3023 et
786 2954 910 3022 domini
927 2955 1052 3023 domini
1071 2954 1247 3023 Joiisunis
1268 2955 1475 3043 permissione
1496 2956 1608 3024 divina

231 3092 477 3163 Lisnivsssis
491 3092 645 3183 Episcopi
658 3094 694 3161 in
707 3094 767 3162 bec
781 3092 886 3163 verba

277 3230 301 3299 J
302 3254 461 3299 osannae
482 3230 690 3320 permissione
709 3232 821 3299 divina
839 3230 1019 3319 Episcopus
1037 3228 1281 3298 Lsunsvnusis
1300 3231 1449 3299 omnibus
1468 3233 1511 3300 ed
1528 3254 1609 3320 quos

231 3391 364 3457 presens
377 3368 532 3456 seriptum
545 3368 727 3457 persensiit
746 3368 882 3437 salutem
902 3368 1042 3457 gratiam
1057 3373 1091 3437 et
1103 3367 1368 3437 benedictionem.
1413 3369 1529 3438 Sciatis
1549 3392 1609 3438 nos

232 3506 421 3575 concessisse
443 3513 476 3575 ct
496 3508 539 3575 ad
560 3508 687 3575 iiimnm
709 3509 866 3577 dimisisse
888 3504 1045 3575 Howano
1066 3508 1185 3575 Osann
1204 3508 1384 3576 manerium
1401 3514 1547 3576 nostrum
1566 3510 1608 3577 de

233 3642 356 3713 Nescis
379 3668 453 3713 cum
470 3643 619 3713 omnibus
638 3645 731 3713 tetris
750 3650 784 3713 et
800 3645 992 3714 tenementis
1011 3646 1191 3714 redditibus
1207 3646 1309 3733 pratis
1325 3646 1450 3733 pascuis
1469 3645 1609 3733 pecturis

232 3780 334 3849 vastis
347 3806 421 3851 oum
433 3782 584 3851 omnibus
598 3780 670 3850 aliis
684 3782 964 3852 commoditatibus
977 3788 1012 3852 et
1024 3784 1173 3871 proficuis
1187 3784 1292 3852 eidem
1306 3784 1449 3851 menenio
1463 3786 1608 3871 spectan-

233 3916 323 3987 tibns
346 3923 379 3986 et
402 3917 647 4007 pertinentibus.
692 3915 894 3989 Habendum
908 3926 941 3989 ct
954 3923 1132 3990 tenendum
1145 3922 1326 3989 manerium
1340 3919 1521 4008 predictum
1534 3943 1609 3988 cum
1666 4018 1669 4022 ἢ

235 4054 385 4125 omnibus
406 4058 499 4127 terris
518 4062 552 4127 st
569 4057 763 4127 tenementis
781 4056 960 4127 iedditibus
978 4057 1080 4146 pratis
1101 4057 1227 4146 psscuis
1251 4056 1391 4146 pasturis
1412 4058 1512 4126 vastis
1534 4081 1610 4128 oum

236 4194 386 4263 omnibns
408 4196 480 4263 aliis
504 4195 784 4264 commoditatibus
806 4200 840 4263 ct
864 4195 1015 4283 proficuis
1038 4196 1142 4264 eidem
1167 4198 1311 4272 monerio
1336 4196 1553 4285 spectantibus
1577 4200 1613 4265 et
1733 4293 1735 4296 Ι

237 4332 473 4421 pertinentibus
494 4334 638 4423 predicto
661 4334 818 4402 Hownno
841 4333 1013 4402 heredibus
1032 4338 1066 4401 et
1084 4334 1255 4422 assignatis
1278 4334 1344 4401 suis
1368 4334 1411 4399 ed
1433 4333 1610 4400 terminum

237 4470 476 4561 quinquaginta
489 4492 649 4539 annonim
662 4471 809 4560 proximo
829 4472 1034 4561 sequentium
1047 4476 1120 4559 post
1133 4472 1247 4559 dutum
1265 4470 1475 4559 presencium.
1520 4468 1610 4538 Red-

236 4609 344 4678 dendc
362 4610 439 4677 inde
456 4608 550 4677 nobis
566 4612 600 4676 et
619 4608 849 4677 successoiibiis
867 4609 986 4678 nostis
1006 4609 1177 4677 annuatim
1196 4608 1334 4697 tiigintc
1357 4608 1474 4675 solidos
1496 4606 1612 4695 legalis
