4009 5434
1567 663 1611 730 2⁶

288 965 444 1036 bonorum
472 969 508 1036 in
538 971 650 1037 eodem
678 969 830 1058 hospitali
859 969 1019 1039 ieotorum
1054 972 1107 1039 rel
1143 971 1364 1041 {edendorum
1399 979 1438 1042 ut
1471 975 1507 1042 in
1536 975 1656 1044 divinis

288 1103 446 1192 obsequiis
461 1109 495 1174 et
509 1107 582 1174 eliis
596 1107 744 1194 operibus
764 1107 917 1189 ueritatis,
932 1109 1135 1178 oonoedimns
1157 1114 1190 1176 et
1210 1110 1406 1179 retifloemus
1427 1134 1486 1199 pro
1507 1111 1601 1184 nobis
1621 1119 1655 1184 et

287 1240 456 1311 heredibus
469 1243 587 1312 nostrie
607 1249 764 1331 quantum
778 1245 815 1314 in
828 1243 921 1314 nobis
935 1251 983 1314 est
1001 1246 1128 1333 pretato
1148 1247 1272 1316 ouetodi
1291 1251 1324 1314 et
1343 1248 1572 1317 suoeeseoribus
1590 1249 1657 1318 suis

286 1379 458 1466 oepellnnie
482 1383 514 1446 et
536 1381 730 1469 peupenbue
750 1381 893 1452 eimdem
914 1381 1083 1470 hospitalis
1099 1383 1182 1452 inibi
1203 1383 1396 1472 degentibus
1417 1387 1656 1476 imperpetuum

284 1519 388 1587 lorum
409 1519 504 1587 illum
525 1543 599 1588 enm
618 1520 824 1608 pertinentiis
846 1543 941 1608 super
962 1543 1059 1609 quem
1081 1521 1205 1589 dietum
1225 1523 1385 1611 hospiteie
1406 1525 1604 1592 oonetrnitnr
1621 1529 1657 1593 et

285 1655 442 1723 soitnetur
460 1680 527 1737 une
546 1679 620 1724 oum
634 1655 783 1725 omnibus
803 1657 875 1725 eliis
895 1657 989 1726 tern'e
1008 1657 1188 1726 redditrbus
1201 1665 1235 1726 et
1248 1659 1390 1727 servioiis
1411 1683 1485 1728 oum
1507 1660 1656 1730 omnibus

284 1797 319 1861 et
347 1793 484 1882 singnlis
509 1817 621 1862 eorum
648 1793 855 1884 pertinenciis
884 1794 941 1882 qui
970 1795 1076 1862 eidem
1108 1795 1261 1884 hospitali
1296 1819 1355 1884 per
1390 1795 1474 1864 bone
1501 1797 1656 1868 memorie

283 1928 477 1998 Hermone
506 1930 631 1997 dudum
666 1929 895 1998 Menevensem
932 1931 1116 2019 episoopum
1146 1932 1225 1999 dieti
1253 1932 1421 2022 hospitalis
1449 1934 1656 2002 trudetomm

284 2071 341 2134 ent
355 2090 572 2155 quosoumque
585 2069 664 2134 ulios
675 2068 802 2134 detoree
816 2068 950 2136 fuerunt
964 2068 1082 2136 oollete
1094 2068 1162 2136 sive
1176 2069 1289 2156 quovis
1303 2069 1368 2136 elio
1378 2071 1475 2138 modo
1489 2069 1656 2160 migrate
1745 2131 1750 2138 .

284 2205 326 2272 ed
361 2205 629 2272 sustenteoionem
662 2205 820 2272 diotomm
852 2205 993 2272 orrstodie
1025 2207 1263 2296 mpeilenorum
1295 2213 1329 2274 et
1360 2231 1540 2296 pauperum
1574 2207 1655 2276 dieti

283 2341 459 2430 hospitalis,
473 2342 677 2408 eonoedimus
695 2341 793 2410 etiem
815 2347 848 2408 et
871 2342 1038 2409 lieeneiem
1061 2343 1209 2410 dedimus
1230 2365 1289 2431 pro
1311 2343 1404 2411 nobie
1425 2349 1459 2412 et
1483 2343 1657 2412 heredibus

263 2480 398 2562 'normis
426 2482 586 2568 qnantum
614 2479 650 2547 in
678 2477 772 2546 nobie
800 2485 849 2546 est
878 2479 963 2546 dieto
993 2480 1119 2548 eustodi
1148 2483 1182 2546 et
1212 2479 1441 2547 snooessoribus
1470 2480 1537 2547 suis
1565 2480 1654 2570 quod

281 2615 450 2704 adquirere
485 2617 609 2704 possint
644 2615 763 2706 viginti
798 2614 932 2682 librutes
964 2615 1167 2683 eoolesinrm
1196 2621 1281 2683 terre
1310 2617 1362 2682 vel
1390 2616 1537 2686 redditu·
1566 2616 1657 2685 infre

280 2753 478 2841 preoinotum
499 2757 584 2822 terre
605 2757 713 2820 nostre
735 2755 775 2821 de
795 2752 926 2822 Gownn
947 2759 980 2820 et
1002 2753 1191 2842 hujumodi
1213 2759 1315 2820 terres
1335 2755 1403 2820 sive
1425 2753 1571 2822 redditus
1592 2753 1655 2826 sibi

281 2894 315 2958 et
328 2889 558 2957 snooeseoribur
571 2890 637 2957 suis
651 2890 855 2978 appropriare
869 2896 902 2958 et
916 2891 952 2958 in
965 2889 1111 2992 proprios
1124 2913 1202 2958 usus
1210 2896 1331 2958 tenere.
1357 2889 1490 2958 Stetuto
1504 2889 1654 2964 deterrit

281 3031 315 3093 et
335 3026 529 3094 tenementis
550 3027 592 3092 ed
612 3049 747 3094 menum
768 3031 930 3094 mortium
949 3048 1017 3095 non
1038 3027 1198 3116 ponendis
1215 3027 1303 3094 edito
1325 3026 1378 3096 rel
1399 3027 1655 3118 quibusoumque

280 3163 355 3232 eliis
375 3165 505 3232 statutis
526 3164 579 3232 vel
600 3162 858 3232 ordinationibus
886 3163 953 3232 sive
981 3163 1285 3252 ymagineoionibus
1306 3164 1343 3232 in
1364 3164 1563 3234 eontrarium
1585 3186 1652 3234 nou

279 3300 489 3370 obstantibus
558 3301 601 3368 In
637 3301 728 3370 ouius
762 3301 810 3368 rei
841 3301 1064 3369 testimonium
1094 3300 1298 3392 presentibus
1328 3300 1474 3390 sigilium
1505 3305 1656 3370 nostrum

278 3437 495 3527 apposuimus
540 3437 620 3504 Hiis
646 3436 782 3506 testibm
818 3437 957 3506 dominis
991 3435 1154 3505 Hruruoo
1182 3438 1224 3504 de
1253 3437 1424 3505 Annnnur
1454 3436 1583 3506 Tnorm
1611 3437 1655 3505 de

277 3575 501 3642 Brnurenrrr
521 3574 546 3644 J
546 3595 688 3646 omnus
703 3575 745 3642 de
760 3574 794 3642 ln
815 3573 914 3642 Brun
935 3572 1095 3642 militibue
1117 3573 1272 3642 R1csrno
1290 3573 1475 3642 scum
1497 3573 1656 3642 R1csnno

276 3713 320 3780 de
341 3711 479 3781 Pnnurs
500 3717 533 3781 et
554 3712 636 3782 eliis
680 3709 807 3780 Datum
829 3713 917 3800 opud
939 3709 1133 3780 eneam
1154 3712 1208 3779 die
1228 3712 1390 3779 dominius
1410 3713 1559 3800 proximu
1579 3716 1653 3800 post

270 3849 396 3918 festum
409 3849 521 3918 Senoti
540 3849 738 3920 Mrcneums
758 3851 958 3940 Amhungeli
985 3873 1073 3922 enno
1097 3850 1192 3941 regni
1214 3848 1318 3939 Regis
1343 3849 1492 3918 Brennm
1518 3849 1652 3918 secundi

277 3991 352 4075 port
379 3991 591 4076 oonqnestum
618 3987 715 4056 tertio
735 3987 889 4058 intrante.
933 3987 1011 4056 Seni
1032 3987 1069 4058 of
1088 4009 1185 4058 urms

330 4147 517 4210 StrEmryde
532 4139 1645 4212 Ardnmstollorrerotthehrttromrrhomheh'rdegrrntoirmuosinths

286 4231 732 4294 osunewomemmmrn
760 4231 1645 4293 mmmuaoomnsenemnmepnemrsusm

286 4317 514 4368 mdemumbek

330 4427 659 4492 ThommdeBirmtugbm
674 4426 929 4478 rureonstderrble
939 4441 1029 4489 perron
1038 4430 1065 4478 tn
1076 4427 1277 4486 umerum,
1290 4425 1507 4478 :comunem
1517 4425 1545 4474 ot
1555 4425 1647 4486 Amy,

284 4511 505 4574 undeKnlghtot
519 4513 649 4564 theflhin
679 4511 1231 4576 &lmus-lumensiomurmire
