4009 5434
1517 651 1561 716 99

258 962 291 1031 in
309 962 461 1041 intutum
475 966 525 1029 set
538 959 580 1028 ab
594 960 683 1029 omni
699 961 825 1029 notione
844 960 929 1050 juria
949 968 985 1031 et
1005 960 1119 1029 olemei
1139 960 1216 1029 inde
1237 960 1390 1051 exigendi
1410 986 1468 1030 seu
1487 963 1629 1033 habendi

258 1100 355 1169 rimus
379 1100 512 1189 penitis
537 1098 657 1167 exelusi
679 1098 918 1187 imperpetuum
942 1120 1000 1188 per
1024 1104 1195 1187 presentes
1240 1099 1289 1169 Et
1308 1126 1369 1171 nos
1392 1124 1469 1169 vero
1492 1101 1629 1189 predicti

258 1238 374 1305 stm
398 1242 433 1305 et
455 1236 639 1306 Jonauuns
662 1240 696 1304 et
717 1236 850 1305 heredes
872 1237 974 1305 nostri
1002 1238 1184 1326 prediutum
1205 1238 1404 1328 burgagium
1428 1262 1502 1307 eum
1529 1239 1630 1327 perti·

258 1374 379 1443 neneiis
411 1373 546 1462 prefatis
575 1372 773 1443 Wrnnnnuo
801 1378 835 1443 et
863 1372 1028 1441 Murrum
1057 1373 1229 1443 heredibus
1256 1379 1291 1441 et
1319 1375 1491 1465 assignatis
1518 1398 1631 1443 eorum

259 1517 369 1581 uentre
398 1533 509 1579 omnes
537 1515 651 1599 gentes
678 1510 960 1579 warantizabimus
988 1514 1023 1579 et
1050 1511 1288 1601 imperpetuum
1317 1512 1537 1579 defendemus.
1586 1510 1631 1579 In

259 1650 352 1739 eujus
368 1648 418 1717 rei
431 1648 653 1717 testimonium
666 1648 742 1716 huie
755 1648 896 1737 presenti
910 1648 1029 1736 seripte
1041 1653 1151 1716 nostre
1165 1648 1274 1737 sigilla
1287 1654 1397 1716 nostra
1413 1648 1629 1736 apposrimus.

259 1786 335 1854 Hiis
357 1786 496 1855 testibus
516 1784 715 1855 Wrnnnnuo
734 1782 856 1851 Surnn
875 1784 993 1853 noerio
1010 1785 1052 1853 de
1069 1783 1257 1852 Swsrusnr
1277 1787 1421 1873 predicte
1463 1785 1631 1855 ionum

259 1923 358 1991 Dm
373 1923 539 2011 capellano
576 1921 742 1990 domurn
758 1920 898 1989 Bonum
933 1919 1101 1990 donanim
1115 1921 1250 1991 Bsmrn
1279 1920 1476 1991 wrnmo
1489 1920 1633 1990 Ausrru

260 2065 291 2128 et
311 2060 426 2128 multis
448 2060 532 2127 eliis.
577 2060 704 2127 Datum
724 2060 812 2147 apud
834 2057 1022 2126 Swsrusnr
1043 2060 1263 2149 supradietnm
1284 2060 1433 2128 vicesimo
1453 2061 1559 2148 primo
1579 2059 1634 2128 dis

259 2197 381 2286 Aprilis
395 2220 481 2265 anno
496 2196 621 2265 domini
634 2196 804 2263 millesimo
820 2196 1136 2285 quadringentesimo
1150 2196 1300 2265 riuesimo
1314 2199 1462 2264 seeundo.

301 2334 375 2403 Seal
390 2334 463 2403 lost

830 2518 1063 2589 GOOXXXV.

262 2657 421 2727 aum
452 2657 514 2725 OF
546 2656 681 2726 LAN'D
711 2656 767 2727 IN
795 2656 1098 2729 WRYNSTONE
1126 2656 1194 2726 BY
1222 2655 1351 2727 JOHN
1378 2656 1443 2725 ΔΡ
1472 2656 1637 2727 HOELL

308 2793 425 2876 HYR,
455 2790 708 2861 OHAPLAIN
737 2792 796 2862 ΤΟ
826 2792 1023 2863 mouns
1050 2794 1115 2863 ΑΡ
1142 2794 1301 2864 JEVAN
1328 2793 1393 2863 ΔΡ
1421 2795 1585 2877 DAVID.

717 2927 829 3019 [Anm
854 2930 990 2999 Ouann:
1012 2932 1066 2999 24.
1089 2930 1183 3021 303]
1239 2934 1243 2939 ’

916 3066 925 3080 ”
1070 3068 1191 3137 anu.
1237 3072 1257 3135 9
1280 3068 1381 3137 Heu:
1403 3069 1447 3138 V.
1493 3071 1588 3137 1422.

299 3205 411 3275 Ssient
424 3208 589 3293 presentes
602 3209 636 3272 ei
649 3204 756 3273 futuri
770 3204 858 3292 quod
872 3226 934 3293 ego
955 3204 978 3273 J
979 3226 1139 3273 onsurae
1156 3228 1198 3294 ap
1220 3205 1345 3274 Hom
1366 3205 1431 3293 hyr
1451 3207 1636 3293 capellanus

258 3344 331 3413 dedi
354 3342 494 3411 aoneessi
518 3346 552 3410 et
577 3342 639 3410 hau
661 3342 802 3429 presenti
825 3346 913 3410 uerte
933 3365 1007 3409 mee
1027 3344 1214 3411 aondrmuvi
1237 3342 1364 3411 Trione
1387 3367 1430 3431 ap
1452 3344 1570 3412 Juvau
1592 3367 1635 3433 ap

259 3480 375 3548 Divm
398 3478 508 3547 omnia
528 3482 630 3546 terres
651 3482 686 3545 et
705 3481 891 3546 tenemente
911 3500 985 3545 mea
1006 3484 1099 3566 prata
1120 3480 1230 3549 boseos
1249 3485 1396 3568 pasturus
1413 3485 1447 3549 et
1459 3486 1551 3550 vasta
1572 3504 1635 3569 que

259 3616 359 3685 habeo
382 3616 419 3683 in
444 3616 540 3683 feodo
563 3616 605 3683 da
631 3614 853 3685 Wnrurmus
877 3616 1041 3702 quondam
1063 3616 1220 3683 Reesnnr
1245 3615 1331 3685 Eur.
1375 3616 1577 3685 Habendum
1601 3622 1636 3687 et

259 3754 438 3822 tenendum
453 3752 564 3819 omniu
576 3752 721 3840 prediete
734 3757 836 3820 terras
849 3756 882 3819 et
895 3756 1081 3821 tenemente
1094 3758 1187 3840 prata
1200 3752 1310 3822 boseus
1325 3758 1473 3841 pasturas
1490 3760 1525 3823 et
1544 3760 1636 3824 vesta

259 3912 331 3959 eum
359 3888 511 3958 omnibus
538 3890 744 3977 pertinentiis
772 3889 917 3977 predicte
945 3888 1074 3956 'Prion
1102 3890 1273 3959 heredibus
1301 3896 1335 3960 et
1363 3891 1534 3981 assignatis
1568 3894 1636 3963 suia

259 4027 497 4117 imperpetuum
519 4028 560 4095 de
583 4026 714 4115 capitali
737 4026 868 4095 domino
891 4026 980 4095 feodi
1002 4026 1092 4095 illius
1107 4049 1165 4115 per
1184 4028 1331 4097 redditus
1351 4033 1386 4096 et
1405 4028 1538 4099 servicis
1557 4030 1636 4101 inde

259 4164 368 4234 debita
400 4169 435 4233 et
467 4165 508 4232 de
545 4164 619 4253 jure
658 4168 818 4233 consuete.
877 4162 926 4231 lit
965 4185 1028 4253 ego
1065 4187 1141 4233 vero
1175 4166 1338 4253 predietus
1372 4164 1556 4235 derisurus
1590 4190 1634 4256 ap

260 4301 383 4371 Hom
400 4301 466 4389 hyr
482 4301 665 4389 capellanus
686 4306 721 4370 et
740 4301 873 4370 heredes
893 4300 958 4369 mei
974 4300 1090 4369 ‘omnia
1110 4301 1254 4389 predieta
1274 4306 1376 4371 terres
1396 4306 1431 4370 et
1450 4306 1635 4373 tenementa

260 4445 351 4527 prete
378 4439 489 4507 boreos
517 4444 665 4527 pasturus
692 4443 727 4509 et
754 4443 846 4507 vesta
874 4461 948 4506 eum
977 4437 1127 4505 omnibus
1154 4438 1221 4507 suis
1255 4440 1459 4527 pertinentiis
1491 4442 1635 4528 predioto

262 4575 388 4645 'ineu
405 4575 577 4645 heredibus
590 4582 624 4645 et
637 4577 809 4667 assignatis
825 4576 891 4645 suis
908 4582 1019 4644 eontra
1037 4598 1147 4643 omnes
1168 4580 1282 4665 gentas
1301 4576 1581 4647 warantizabimus
1601 4583 1636 4647 et
