4009 5434
1505 720 1570 787 289

238 1027 769 1117 minnieteolipoetOnnmuu
782 1026 1616 1103 Imeemtoremnoetrumdebomusnnivereem

239 1192 308 1239 non
332 1170 430 1238 modo
452 1169 673 1238 omnimodam
697 1168 734 1235 in
759 1166 910 1236 ummo
938 1173 973 1237 et
1000 1170 1160 1259 grandem
1191 1168 1242 1259 [P]
1274 1170 1430 1239 einoernm
1454 1170 1617 1261 integrum

239 1311 494 1397 perpetuumque
521 1305 624 1375 enimi
651 1306 858 1375 domnionem
886 1306 985 1375 iidem
1018 1306 1254 1375 observantiam
1281 1309 1437 1377 honorem
1465 1312 1618 1377 ounotum

240 1444 517 1532 reverentinmqne
530 1448 709 1532 proetemne
729 1445 787 1513 eed
806 1444 907 1513 etiem
927 1446 969 1513 de
989 1436 1104 1513 eedem
1122 1444 1188 1514 fide
1209 1450 1243 1515 et
1262 1446 1466 1515 observantie
1483 1448 1619 1517 eundem

240 1582 404 1652 reoionem
426 1581 677 1669 quotieeounque
701 1581 919 1671 postulabitur
941 1582 1116 1651 reddamus
1143 1586 1178 1651 et
1204 1584 1314 1671 pelam
1342 1584 1492 1653 omnibus
1517 1584 1545 1653 ei
1568 1608 1620 1655 ree

242 1720 387 1811 poetrlet
398 1719 609 1789 hientieeime
623 1724 788 1789 testemur.
832 1718 995 1788 Noverint
1009 1720 1151 1789 universi
1165 1722 1208 1788 ed
1222 1742 1302 1808 quoe
1315 1744 1446 1811 preeene
1465 1722 1621 1811 eoriptum

242 1858 426 1949 pervenerit
439 1859 527 1945 quod
540 1881 600 1926 noe
612 1858 701 1945 prior
714 1862 749 1926 et
762 1863 938 1926 eonventue
951 1860 993 1927 de
1007 1857 1168 1927 Ewnm
1203 1858 1448 1927 Lennnvnuem
1462 1860 1622 1929 diooeeeoe

243 2019 311 2065 uno
333 2019 389 2066 ore
414 2001 449 2064 et
469 2019 547 2065 vooe
569 2000 668 2085 etque
692 1996 842 2065 unanimi
867 1994 1013 2064 omnium
1036 2018 1192 2065 ooneenrn
1216 2001 1251 2066 et
1270 2020 1402 2066 neeenm
1422 1996 1483 2067 hoo
1504 1998 1622 2087 roripto

244 2139 355 2203 noetro
379 2133 440 2202 enb
465 2133 575 2223 sigillo
599 2138 710 2203 noetio
738 2133 902 2203 oommnni
929 2134 966 2201 in
995 2135 1092 2202 domo
1120 2138 1230 2203 nostre
1258 2134 1429 2223 oepitulnri
1457 2136 1535 2203 dete
1562 2156 1622 2223 pro

244 2272 338 2341 nobie
351 2275 386 2341 et
402 2272 632 2341 moeenoribus
652 2270 770 2339 noeti-ie
791 2270 941 2340 omnibus
962 2277 996 2340 et
1017 2272 1155 2361 singulis
1175 2272 1414 2362 imperpetuum
1434 2272 1623 2361 profitemur

132 2432 135 2439 ·
245 2413 403 2477 tentemur
423 2432 460 2478 eo
481 2409 621 2477 fideliter
640 2409 860 2497 promittimm
881 2413 916 2477 et
936 2410 1131 2498 epondemue
1151 2432 1211 2478 noe
1231 2415 1266 2478 et
1286 2432 1477 2478 eueeeeeoree
1497 2412 1623 2479 nostroe

246 2570 358 2619 omnee
392 2552 427 2617 et
461 2548 607 2636 dngnloe
641 2546 805 2637 integram
840 2546 1031 2615 inviolatam
1061 2547 1217 2617 einoernm
1244 2551 1497 2637 perpetuamque
1525 2547 1641 2616 fidem¹

246 2684 486 2755 obemvnnoiem
514 2690 549 2755 et
576 2676 796 2754 obedienoinm
828 2708 954 2774 semper
988 2689 1188 2775 presteturue
1227 2682 1302 2775 [eie]
1341 2708 1419 2775 erge
1454 2683 1623 2753 dominum

246 2828 395 2893 noetrnm
423 2822 550 2912 Regem
579 2821 776 2891 Hnunrcon
803 2828 953 2893 ootevnm
978 2828 1013 2891 et
1037 2846 1115 2913 erge
1140 2822 1275 2891 Auum
1301 2822 1466 2912 Reginam
1489 2844 1625 2891 uxorem

246 2960 396 3050 ejmdem
409 2965 444 3029 et
457 2983 535 3050 erge
549 2960 691 3029 sobolem
705 2960 778 3050 ejue
791 2984 833 3029 ex
846 2963 960 3030 eedem
973 2960 1080 3029 Arene
1102 2961 1248 3051 legitime
1269 2967 1339 3029 tum
1359 2960 1506 3051 genitam
1526 2981 1626 3049 quem

247 3099 526 3189 progenerendem
549 3102 584 3167 et
607 3098 696 3187 quod
717 3097 778 3167 heo
800 3098 913 3166 eedem
935 3098 1057 3187 populo
1078 3098 1316 3167 notifloebimm
1336 3101 1371 3167 et
1390 3096 1627 3185 predioebimue

248 3260 287 3306 eo
311 3235 517 3305 eeudebimue
540 3234 616 3326 [eie]
633 3234 818 3323 nbiormqne
838 3235 973 3304 debitur
992 3236 1082 3304 looue
1102 3239 1137 3305 et
1157 3236 1287 3305 mensio.
1332 3234 1420 3303 Item
1441 3235 1530 3323 qnod
1550 3256 1625 3303 oon·

248 3374 415 3442 flrmetnm
441 3379 613 3461 ratumque
640 3372 815 3442 habuimus
846 3396 972 3461 eemper
999 3376 1034 3442 et
1061 3372 1301 3461 imperpetuum
1335 3372 1480 3442 habituri
1515 3394 1627 3441 eumne

247 3513 337 3601 qnod
349 3510 512 3600 prediotue
525 3512 600 3580 Rex
613 3515 723 3580 noeter
736 3510 920 3579 Hermone
942 3516 991 3579 eet
1008 3513 1114 3599 oepud
1128 3511 1257 3579 eooleei'e
1274 3510 1490 3579 Aaronom.
1508 3608 1512 3617 Ι
1535 3508 1623 3579 Item

250 3650 339 3737 qnod
358 3648 524 3737 epieoopue
545 3631 715 3717 Romnum
735 3648 793 3736 qui
813 3648 850 3716 iu
872 3648 939 3717 euie
958 3647 1059 3717 buiiie
1080 3671 1163 3737 pepe
1179 3671 1299 3717 nomen
1312 3653 1448 3736 usurpet
1461 3652 1495 3717 et
1509 3646 1628 3715 summi

250 3786 412 3874 pontifloie
435 3786 655 3875 prinoipetnm
682 3786 745 3855 eibi
772 3790 904 3874 errognt
931 3806 1000 3853 non
1022 3784 1122 3855 hebet
1141 3786 1178 3853 in
1198 3786 1293 3853 terrie
1314 3786 1457 3873 nliqnum
1477 3783 1628 3875 juriedio-

251 3924 375 3993 tionem
403 3924 554 3993 oolletnm
583 3922 645 3993 eibi
673 3946 694 3993 o
721 3922 794 3992 Deo
821 3923 859 3991 in
886 3922 948 3991 hoo
979 3922 1098 4013 Regno
1126 3922 1267 3991 Annum
1292 3944 1392 4011 quem
1416 3921 1523 4012 quivis
1547 3922 1631 3991 elius

252 4065 405 4130 externus
433 4061 609 4151 epieoopue.
653 4059 741 4129 Item
769 4062 858 4149 quod
884 4060 997 4129 nullue
1025 4066 1173 4130 nostrum
1201 4060 1238 4128 in
1266 4060 1335 4128 ulle
1363 4082 1452 4129 onore
1480 4060 1631 4129 oonoione

252 4199 407 4288 privatim
439 4200 493 4270 vel
521 4200 651 4290 publioe
678 4199 828 4270 habende
856 4201 996 4269 eundem
1025 4200 1211 4288 epieoopnm
1239 4196 1427 4266 Romanum
1454 4196 1632 4285 eppeilnbit

254 4338 386 4405 nomine
414 4338 505 4427 Pepe
533 4341 592 4406 eut
619 4337 738 4407 nummi
771 4337 933 4426 pontifioie
969 4337 1027 4405 eed
1061 4334 1193 4404 nomine
1228 4334 1368 4423 epieoopi
1402 4334 1545 4404 Romani
1580 4335 1633 4404 vel
1685 4436 1688 4443 .

255 4475 385 4543 eooleeie
410 4474 572 4545 Romen.
616 4474 665 4544 Et
689 4476 777 4566 quod
801 4476 913 4545 nullum
937 4478 1085 4543 noenum
1106 4472 1211 4541 orabit
1232 4494 1291 4561 pro
1311 4494 1349 4541 eo
1369 4476 1528 4561 tnnquem
1548 4494 1634 4560 pepe

256 4613 314 4681 eed
337 4616 496 4702 tnnqnem
518 4614 665 4703 epieoopo
688 4613 847 4683 Romeno.
901 4612 989 4681 Item
1013 4613 1101 4700 quod
1123 4611 1183 4679 soli
1207 4611 1295 4681 dioto
1323 4610 1455 4680 domino
1484 4608 1571 4698 Regi
1599 4613 1634 4676 et
