4009 5434
1532 633 1574 700 18

293 947 490 1017 Enwisnns
498 946 563 1016 Dei
573 947 681 1038 gretie
689 945 763 1016 Rex
773 947 913 1015 Arrenii
927 945 1085 1015 Dominus
1094 947 1277 1015 Hierum
1286 951 1320 1015 et
1328 945 1410 1014 Dux
1417 947 1617 1018 Acunum

254 1085 492 1175 archiepiscopis
524 1084 679 1174 episcopis
709 1083 881 1153 ebbetibus
914 1084 1074 1172 prioribus
1107 1086 1278 1154 comitibus
1311 1084 1487 1154 baronibus
1521 1084 1617 1174 justi·

254 1223 354 1292 oiuriis
377 1221 616 1290 vicecomitibus
643 1221 813 1312 prepositis
841 1223 998 1290 ministris
1027 1228 1061 1291 et
1084 1221 1236 1291 omnibus
1258 1222 1388 1292 buliiris
1411 1227 1446 1291 et
1467 1221 1619 1292 fidelibus

255 1363 315 1430 suis
328 1362 476 1430 sulutem·
514 1359 629 1428 Sciatis
642 1382 702 1428 nos
715 1359 756 1428 de
769 1360 878 1449 petie
889 1365 1000 1428 nostre
1013 1361 1143 1449 speoinIi
1162 1362 1373 1428 concessimus
1393 1366 1428 1428 et
1447 1359 1509 1428 bno
1528 1363 1619 1430 certe

253 1505 360 1568 nostre
383 1499 587 1566 confirmasse
612 1497 729 1566 dilecto
752 1501 786 1564 et
806 1498 896 1565 fideli
919 1503 1030 1566 nostro
1052 1497 1198 1566 Hoooici
1217 1498 1251 1565 le
1271 1473 1476 1566 Dnsriissiin
1494 1497 1619 1586 juniori

254 1639 336 1724 quod
349 1637 419 1724 ipse
432 1639 466 1703 et
479 1635 612 1702 heredes
625 1635 676 1702 sui
688 1639 723 1702 et
737 1657 848 1702 eornm
861 1633 1038 1724 burgenses
1055 1641 1089 1702 et
1110 1635 1168 1702 ulii
1187 1633 1334 1702 homines
1355 1641 1389 1703 et
1408 1641 1557 1704 tenentes
1576 1635 1619 1703 (ie

254 1771 412 1876 Kinnirr
437 1772 516 1841 Ueii
541 1771 726 1840 Kinniiorr
755 1771 923 1841 Nnuronr
951 1773 1138 1841 &unroco
1163 1773 1291 1840 Nniriii
1319 1777 1354 1840 et
1382 1771 1556 1840 Karnine
1583 1772 1620 1840 in

254 1909 401 1980 Wiunii
423 1911 464 1978 de
489 1909 639 1979 omnibus
658 1910 754 1977 rebus
775 1913 808 1977 et
829 1909 922 1978 bonis
942 1911 1009 1978 suis
1027 1914 1097 1979 tem
1117 1910 1267 1978 videlicet
1286 1909 1494 1976 merosndisis
1521 1929 1620 1996 quem

255 2049 322 2116 eliis
349 2049 588 2136 imperpetuum
617 2047 682 2114 rint
710 2045 813 2134 quieti
849 2047 889 2114 de
925 2047 1090 2116 theolonio
1118 2048 1267 2136 muregio
1295 2047 1451 2136 pontegio
1480 2047 1621 2136 peungio

255 2185 389 2274 lentagio
416 2185 567 2273 stcilegio
595 2183 723 2273 pioegio
750 2183 901 2272 tronegio
929 2181 1060 2274 liuiogio
1087 2184 1229 2272 teri-egio
1256 2207 1381 2252 necnon
1406 2184 1448 2252 de
1472 2183 1623 2252 omnibus

256 2323 324 2389 eliis
346 2321 501 2388 custumis
520 2323 554 2388 et
571 2318 855 2388 consuetudinibus
877 2343 935 2408 per
955 2325 1062 2388 totum
1083 2344 1224 2408 regnum
1245 2325 1392 2389 nostrum
1413 2325 1447 2389 et
1468 2322 1623 2390 ducntnm

253 2465 397 2528 nostrum
410 2458 610 2529 nominis
624 2461 658 2524 et
670 2461 790 2524 terrum
804 2461 947 2525 nostrem
962 2455 1145 2524 Hisniumr
1159 2462 1193 2524 et
1206 2457 1338 2525 aliunde
1354 2481 1413 2546 per
1430 2461 1624 2546 potestatem

256 2601 396 2664 nostrum
413 2595 568 2662 custumis
587 2595 628 2662 de
644 2593 729 2662 lenis
748 2594 841 2662 coriis
856 2593 998 2682 pellibus
1016 2594 1139 2662 lenutis
1152 2599 1185 2662 et
1198 2595 1284 2662 vinis
1297 2595 1391 2662 nobis
1404 2601 1438 2662 et
1451 2594 1623 2662 heredibus

255 2734 368 2800 nostris
382 2731 500 2800 debitis
514 2732 683 2799 dumteret
699 2731 848 2819 exceptis
885 2731 995 2804 Quere
1006 2731 1155 2798 volumus
1168 2736 1202 2799 et
1215 2732 1351 2799 firmiter
1360 2732 1554 2821 precipimus
1563 2755 1623 2821 pro

254 2870 344 2936 nobis
359 2873 392 2936 et
407 2869 578 2936 heredibus
590 2869 707 2936 nostris
721 2869 808 2956 qnod
820 2867 908 2935 idem
919 2867 1026 2936 Hoeo
1036 2873 1070 2937 et
1079 2869 1271 2936 heredeseui
1282 2875 1316 2935 et
1326 2891 1438 2936 eorum
1447 2867 1622 2957 burgenses

255 3011 285 3074 et
298 3007 356 3074 ulii
370 3006 517 3073 homines
531 3011 564 3072 et
578 3009 726 3072 tenentes
747 3005 787 3074 de
808 3006 961 3093 predictis
981 3005 1069 3072 villis
1089 3007 1131 3074 de
1152 3004 1315 3073 Kinnim
1337 3005 1417 3073 Uen
1436 3004 1622 3072 Kosmou

254 3127 418 3212 Necron
438 3143 623 3210 &cinnae
644 3142 772 3210 Nem
796 3148 830 3210 et
852 3141 1026 3210 Kanum
1048 3144 1085 3210 in
1110 3143 1260 3213 Wiinii
1285 3143 1325 3210 de
1354 3141 1504 3210 omnibus
1527 3141 1624 3210 rebus

253 3291 286 3350 et
305 3282 400 3350 bonis
414 3282 479 3348 suis
493 3285 562 3348 tuin
576 3281 726 3348 videlicet
747 3281 953 3348 meroendisis
975 3304 1075 3368 quem
1095 3281 1168 3348 nliis
1187 3281 1427 3369 imperpetuum
1439 3281 1507 3348 sint
1521 3280 1623 3367 quieti

252 3421 291 3487 de
304 3419 468 3486 theolonio
489 3418 638 3506 muregio
658 3419 815 3507 pontegio
837 3419 979 3506 peimgio
995 3419 1135 3506 lnstngio
1153 3419 1303 3505 stellegio
1324 3419 1451 3506 pioegio
1471 3418 1622 3506 tronegio

251 3558 381 3646 keiigio
396 3556 537 3644 terragio
551 3576 676 3622 necnon
691 3555 732 3620 de
747 3555 897 3622 omnibus
913 3555 1069 3622 custumis
1083 3560 1117 3622 et
1129 3541 1416 3622 oonsuebidinibus
1436 3578 1494 3642 per
1515 3560 1622 3623 totum

251 3716 389 3784 regnum
419 3697 565 3760 nostrum
593 3691 734 3760 Arionis
765 3695 798 3758 et
830 3689 1002 3758 Docirurr
1034 3696 1181 3758 nostrum
1212 3690 1412 3762 Auoiiinin
1440 3697 1475 3759 et
1502 3697 1623 3760 terrem

252 3838 397 3900 nostrum
422 3829 604 3896 Hinnnnin
630 3833 664 3896 et
687 3829 819 3896 aliunde
840 3851 900 3917 per
920 3831 1113 3915 potestatem
1136 3834 1280 3896 nostrum
1298 3829 1453 3896 custumis
1474 3830 1515 3896 de
1538 3829 1624 3898 lenis

252 3969 344 4036 coriis
362 3967 500 4056 pellibus
513 3967 636 4034 lenutis
657 3969 690 4033 et
712 3965 797 4032 vinis
818 3964 911 4033 nobis
933 3969 966 4032 et
986 3964 1158 4032 heredibus
1178 3965 1297 4033 nostris
1316 3964 1432 4032 debitis
1452 3967 1625 4034 dumtuxnt

251 4104 394 4194 exceptis
415 4105 497 4171 sicut
517 4104 699 4192 predictum
720 4107 778 4170 est.
821 4103 900 4170 Hiis
915 4103 1052 4170 testibus
1066 4103 1263 4172 Wiiisiiio
1279 4103 1516 4193 archiepiscope
1532 4103 1622 4173 Oin-

251 4263 442 4309 ruininnen
456 4241 558 4308 tocius
571 4240 712 4308 Aricini
729 4239 867 4328 piimete
882 4239 916 4309 J.
931 4239 967 4308 N
967 4262 1154 4307 oswionnsi
1171 4247 1205 4308 et
1222 4240 1255 4308 J.
1275 4241 1453 4308 Cicirrius
1468 4243 1623 4332 episeopis

253 4379 423 4448 iconio
444 4379 485 4446 de
509 4377 691 4448 Vinnncii
713 4378 828 4445 comite
850 4378 1077 4445 Pniiiinoomic
1102 4377 1278 4445 Eniiurriio
1298 4379 1410 4445 comiti
1429 4380 1623 4447 Musunii

251 4516 417 4586 Joiisrrics
447 4517 487 4584 de
515 4515 677 4583 siam
715 4515 839 4583 seniore
868 4513 1065 4584 Wiiisiiio
1093 4514 1238 4581 Mino-in
1267 4514 1423 4582 Ricinno
1456 4515 1623 4584 Burrieni
