4009 5434
1515 666 1556 733 31

229 979 269 1048 de
286 978 443 1048 idoneas
463 979 588 1046 ordinis
610 976 815 1046 mutemus
835 975 1078 1046 Launsvsnsss
1098 977 1231 1046 dioossis
1244 983 1278 1046 et
1291 980 1604 1050 eorummonesterii

230 1119 366 1207 predioti
381 1118 573 1186 austeritate
587 1117 761 1206 apostoliea
774 1117 881 1185 eidem
895 1117 1027 1185 domino
1040 1117 1187 1204 episeopo
1205 1115 1412 1185 Lsunavnrs’
1426 1139 1523 1207 super
1543 1118 1604 1188 hoo

230 1257 410 1346 specialiter
425 1255 592 1324 summisso
608 1259 733 1323 surum
747 1254 925 1344 peripsum
938 1252 1364 1344 proeessudebitolegitimo
1377 1259 1412 1325 et
1425 1258 1466 1324 de
1479 1254 1554 1345 jure
1565 1256 1603 1324 in

230 1395 290 1464 heo
312 1399 406 1482 parte
432 1396 468 1461 in
493 1394 643 1462 omnibus
668 1393 822 1482 requisito
846 1394 968 1462 unierit
992 1394 1247 1482 appropriavesit
1270 1397 1304 1460 et
1328 1393 1364 1460 in
1389 1415 1501 1462 eoram
1525 1417 1604 1463 usus

230 1534 375 1624 proprios
390 1533 745 1622 oonoesee1itperpetue
764 1531 989 1620 possidendam
1002 1553 1077 1598 oum
1095 1529 1223 1618 juribus
1236 1536 1270 1599 et
1285 1532 1491 1620 pertinentiis
1502 1532 1605 1620 ipsius

230 1672 388 1740 universis
408 1671 497 1739 salva
518 1670 668 1758 poroione
692 1669 839 1758 perpetui
866 1668 977 1736 viosffi
1005 1667 1041 1736 in
1064 1669 1152 1736 diota
1173 1669 1305 1737 eoelesia
1325 1669 1484 1736 servitura
1506 1691 1605 1757 quam

231 1808 410 1878 noluiteub
421 1807 749 1896 appropriaoionesue
761 1805 946 1895 hujusmodi
957 1806 1604 1896 eomprehendieamdeduxitspeoialiter

230 1950 264 2015 et
277 1968 427 2034 expresse
440 1947 582 2013 adioiens
596 1946 638 2012 ad
652 1945 712 2013 heo
725 1944 812 2032 quod
822 1949 956 2012 sanante
969 1945 1057 2012 diota
1067 1943 1198 2012 eoolesia
1210 1967 1269 2033 per
1278 1949 1416 2013 monem
1431 1947 1604 2015 oeseionm

231 2084 450 2152 dimissionem
461 2083 514 2150 vel
525 2082 778 2171 resignaoionem
788 2081 919 2148 reatoris
928 2081 1030 2170 ipsius
1039 2086 1118 2148 tuno
1128 2080 1344 2151 inoumbentis
1353 2083 1449 2150 lioeat
1459 2083 1603 2172 prediolo

230 2221 339 2290 abbati
368 2227 402 2288 et
429 2221 602 2288 conventui
630 2241 690 2308 per
716 2241 750 2286 se
778 2220 830 2286 vel
862 2223 1101 2308 pmouratorem
1128 2221 1272 2307 ipsorum
1297 2222 1339 2288 ad
1364 2220 1425 2288 hoo
1453 2222 1600 2311 legitime

233 2360 445 2426 oonsfitutnm
471 2357 591 2424 dietam
616 2355 780 2426 eoelesiam
808 2361 842 2422 et
869 2356 971 2444 ipsius
995 2356 1191 2444 corporalem
1218 2359 1448 2445 possessionem
1475 2359 1605 2448 ingredi

230 2497 369 2564 nandmi
383 2499 416 2562 et
430 2496 568 2562 retinere
584 2517 621 2562 aa
634 2493 759 2560 laudus
771 2493 872 2582 ipsius
885 2493 1047 2582 peroipere
1060 2494 1102 2560 de
1115 2494 1310 2581 eisdemque
1323 2494 1424 2562 libere
1433 2496 1602 2584 ffisponem

230 2634 379 2722 poroiene
392 2632 503 2699 vioarii
518 2632 559 2698 de
570 2653 615 2718 qu
631 2680 771 2698 .....
794 2630 832 2696 fit
842 2631 966 2698 mensio
977 2631 1138 2698 duntaxat
1148 2635 1282 2719 exoepte
1295 2637 1392 2720 prout
1401 2634 1603 2702 eontinenoia

230 2773 389 2840 dioternm
402 2770 570 2837 literarum
585 2765 830 2856 apostolieae-nm
849 2767 908 2834 heo
929 2767 1112 2834 bebuemnt
1126 2771 1160 2835 at
1180 2768 1302 2836 habent
1315 2792 1462 2857 expresse
1476 2773 1602 2840 vaeavit

230 2933 290 2996 que
311 2911 446 2996 insuper
460 2957 601 2974 .....
624 2906 712 2972 diota
725 2905 856 2974 eeclesia
869 2903 981 2972 deA.
1006 2956 1015 2972 .
1039 2955 1047 2972 .
1072 2928 1116 2972 ‚e
1136 2928 1195 2994 per
1214 2907 1433 2974 dimissionem
1453 2913 1487 2975 et
1505 2931 1600 2996 spon·

229 3051 359 3114 mnsam
372 3044 627 3132 reugnueionom
649 3041 819 3112 Wsnrnnr
833 3041 1025 3109 Loxiusou
1046 3043 1151 3110 olerioi
1164 3044 1264 3130 ipsius
1278 3045 1407 3112 eoelesie
1420 3047 1552 3114 motoris
1565 3047 1602 3114 in

228 3183 378 3250 manibus
391 3204 522 3248 reveren
546 3231 553 3247 .
578 3232 587 3249 .
612 3231 620 3248 .
645 3230 653 3249 .
678 3179 801 3247 domini
820 3177 1027 3247 Lsunsvnu'
1042 3180 1181 3269 episeopi
1195 3183 1351 3250 antedicti
1364 3183 1426 3250 looi
1439 3183 1602 3252 diocesani

228 3321 346 3388 laetam
362 3323 396 3384 st
411 3341 468 3406 per
488 3318 612 3386 dietum
634 3321 760 3407 patrem
780 3317 943 3399 admissae,
965 3318 1139 3406 volensque
1158 3317 1389 3406 subsequenter
1409 3319 1602 3389 venerabilis

229 3464 261 3526 et
280 3456 452 3546 religiosus
473 3457 523 3524 vir
543 3458 643 3524 fretsr
664 3455 689 3523 J
689 3477 848 3524 onsurae
873 3453 972 3522 abbas
993 3457 1180 3524 monasterii
1203 3457 1244 3525 de
1266 3457 1420 3525 Mouesu
1445 3459 1601 3528 antedieli

107 3631 112 3640 ·
228 3595 523 3684 appropriaoionem
539 3593 693 3665 unionem
706 3595 741 3659 et
756 3591 989 3659 eoncessionem
1007 3593 1185 3660 antediotas
1198 3617 1294 3661 suum
1316 3594 1432 3662 debere
1453 3595 1600 3664 debitum

228 3730 333 3799 sortiri
349 3730 501 3798 effeotum
517 3753 550 3796 se
564 3729 607 3797 ed
628 3729 750 3796 dietam
771 3728 935 3796 eeclesiam
956 3730 997 3796 de
1019 3729 1146 3796 Ausus
1168 3731 1213 3797 sie
1238 3733 1477 3820 appropriatam
1499 3733 1601 3801 eade

227 3891 323 3936 eausa
336 3867 504 3934 transtulit
519 3870 552 3934 et
567 3890 639 3934 eam
659 3867 790 3934 nomine
812 3889 869 3934 suo
891 3872 924 3934 et
946 3870 1123 3935 souventus
1143 3867 1195 3934 sui
1215 3843 1249 3936 et
1269 3869 1457 3936 monasterii
1476 3871 1599 3958 predio·

228 4008 335 4072 torum
349 4003 532 4071 intenoione
546 4008 579 4071 et
596 4005 706 4072 animo
725 4003 894 4091 aquirendi
912 4005 1118 4072 nanoisoendi
1136 4009 1171 4072 et
1188 4005 1351 4072 retinendi
1369 4007 1600 4113 possessionem

228 4141 330 4230 ipsine
367 4163 405 4207 so
440 4140 637 4229 pereipiendi
673 4141 796 4210 fruetus
821 4141 968 4229 ejusdem
993 4141 1155 4230 libereque
1179 4143 1372 4230 disponendi
1400 4144 1441 4211 de
1469 4145 1601 4228 eisdem,

227 4277 370 4366 exeeptis
391 4278 538 4366 superius
559 4277 751 4366 expressatis
772 4278 983 4366 personaliter
1003 4279 1146 4367 presenti
1167 4280 1379 4348 multitudine
1400 4282 1528 4372 eopiosa
1547 4283 1602 4351 die

228 4413 347 4482 Martis
367 4412 513 4501 proximo
535 4417 608 4501 post
628 4413 747 4482 ferum
769 4415 1003 4503 pusitioaoionis
1023 4414 1117 4482 beate
1142 4415 1264 4482 Maura
1289 4417 1426 4506 virginis
1450 4418 1601 4487 videlieet

228 4551 366 4639 septimo
380 4550 433 4618 die
447 4551 566 4618 mensis
576 4549 747 4618 Februarii
760 4574 847 4620 anno
858 4551 981 4618 domini
991 4551 1162 4620 millesimo
1172 4555 1394 4624 mouentesimo
1405 4555 1600 4644 octogesimo
