4009 5434
435 700 479 766 82

383 1015 614 1085 Lsuusvnreer
645 1013 696 1082 sin
722 1018 832 1081 autem
855 1013 892 1081 in
917 1012 1006 1081 diota
1027 1012 1205 1081 cathedrali
1227 1010 1453 1081 quernae
1476 1011 1608 1080 eodm
1632 1036 1671 1081 uo
1693 1012 1768 1084 aliis

381 1153 526 1223 ecclesiis
546 1150 798 1241 parrochialibus
823 1148 883 1219 sub
912 1148 1031 1238 quibus
1058 1150 1186 1239 degunt
1213 1154 1247 1217 et
1273 1154 1443 1217 morantur
1473 1149 1563 1217 inim
1593 1151 1767 1221 mimum

386 1290 544 1359 sollennia
557 1292 637 1357 dum
650 1288 773 1357 ibidem
786 1288 899 1375 populi
911 1288 1090 1356 multitudo
1104 1284 1289 1355 convenerit
1298 1288 1342 1354 sd
1352 1287 1465 1354 divino
1475 1287 1611 1375 aliisque
1625 1288 1767 1357 eeclesiis

382 1433 420 1497 et
432 1428 510 1495 locis
523 1425 661 1514 publicis
675 1424 918 1513 quibuscunque
932 1423 990 1493 ubi
1005 1426 1136 1513 quando
1150 1429 1185 1493 et
1197 1425 1346 1512 quotiens
1360 1425 1533 1512 expediens
1548 1426 1651 1493 fuerit
1664 1425 1766 1493 semel

382 1570 418 1633 et
438 1564 560 1653 pluries
580 1564 678 1631 simul
699 1562 751 1631 vel
773 1563 945 1631 mooessive
966 1566 1139 1650 postquem
1166 1584 1226 1650 pro
1253 1566 1346 1649 purte
1370 1563 1531 1629 dictorum
1555 1562 1764 1631 dominorum

380 1702 407 1771 J
408 1724 559 1769 onaums
581 1700 708 1769 abbatis
726 1704 760 1768 ct
781 1704 957 1768 conventus
977 1700 1058 1768 dicti
1083 1700 1270 1767 monosterii
1290 1699 1384 1768 becte
1408 1698 1514 1766 Mario
1534 1699 1764 1787 principalium

383 1837 511 1905 fueritis
532 1836 678 1925 requisiti
701 1859 758 1904 seu
778 1838 861 1905 ulter
877 1842 1021 1905 vacuum
1041 1837 1144 1905 fuerit
1163 1837 1336 1924 requisitus
1355 1860 1396 1903 ex
1417 1842 1509 1923 parte
1525 1841 1636 1903 nostru
1648 1860 1762 1923 ymmo

382 1976 491 2042 uerius
526 1974 700 2063 apostolice
735 1972 863 2061 publice
897 1974 965 2040 ulte
997 1976 1031 2041 et
1063 1972 1266 2063 intelligibili
1300 1994 1378 2041 voce
1412 1973 1625 2061 peremptorie
1662 1974 1761 2043 citare

380 2110 510 2178 curetis.
555 2110 673 2197 Itaque
698 2109 870 2177 verisimile
899 2110 942 2177 sit
971 2109 1158 2177 citationem
1181 2109 1371 2197 hujusmodi
1399 2112 1443 2177 ad
1467 2134 1579 2179 eorum
1607 2113 1762 2180 notioiem

377 2249 549 2337 pervenire
569 2272 612 2316 ne
633 2250 674 2317 de
695 2247 857 2335 premissis
878 2252 912 2315 et
933 2246 1147 2333 infrascriptis
1167 2247 1311 2334 aliquam
1331 2248 1552 2335 ignorantiam
1570 2251 1760 2335 pretendere

382 2386 514 2453 valeant
536 2408 593 2453 seu
615 2386 714 2453 etism
736 2385 877 2473 allegam
898 2342 1060 2471 quoslnos
1080 2383 1180 2451 etiam
1201 2389 1312 2451 tenore
1334 2387 1533 2471 presentium
1555 2386 1601 2454 sic
1623 2387 1761 2455 eitmus

378 2522 535 2610 quatinus
563 2522 737 2591 centedma
764 2522 818 2589 die
846 2526 920 2609 post
948 2521 1134 2589 dtudonem
1161 2521 1350 2609 hujusmodi
1377 2545 1437 2609 per
1460 2545 1518 2590 roe
1542 2522 1594 2591 vel
1620 2525 1760 2593 alterum

384 2666 527 2728 vestrm
541 2660 587 2728 eis
600 2660 721 2727 iactam
742 2660 928 2727 imm0diate
943 2658 1091 2747 sequenti
1107 2658 1218 2726 sidies
1231 2658 1302 2745 ipse
1316 2623 1489 2727 eentedma
1507 2660 1648 2747 juridica
1660 2662 1762 2731 luerit

379 2802 419 2864 et
440 2818 500 2865 nos
521 2796 574 2864 rel
599 2797 682 2865 alius
707 2796 817 2863 forsan
841 2796 911 2863 looo
933 2796 1037 2863 nostri
1061 2796 1280 2883 sunugandus
1304 2796 1433 2862 auditor
1455 2795 1483 2863 si
1506 2820 1604 2884 quem
1627 2799 1761 2868 interim

380 2932 522 3001 forsitan
539 2933 575 2999 in
589 2954 685 3000 cuma
703 2938 738 3001 et
756 2956 849 3001 cause
865 2932 1056 3021 hujusmodi
1074 2933 1238 3021 surrogari
1256 2932 1430 3021 contigerit
1450 2932 1556 3003 Rome
1577 2936 1613 3002 in
1634 2936 1763 3006 Palatio

380 3090 553 3135 censerem
572 3070 744 3155 apostolico
763 3070 879 3157 inquo
897 3071 973 3158 jura
986 3070 1080 3138 reddi
1097 3070 1202 3138 solent
1215 3069 1267 3137 vel
1284 3070 1364 3136 alibi
1379 3070 1439 3137 ubi
1456 3077 1536 3139 tuno
1549 3072 1660 3140 ioman
1673 3074 1763 3143 idem

380 3204 535 3272 dominus
562 3211 671 3273 noster
699 3207 790 3294 Papa
818 3203 892 3275 oum
920 3232 980 3275 sese
1008 3208 1097 3275 ouria
1124 3206 1278 3275 residebit
1305 3204 1449 3293 adjura
1472 3208 1675 3275 reddendum
1699 3232 1759 3296 pro

381 3341 540 3408 uibunali
572 3342 747 3410 sederimus
776 3345 828 3412 vel
856 3345 968 3413 sediet.
1019 3344 1181 3433 Alioquin
1209 3346 1357 3431 proxime
1384 3345 1438 3412 die
1473 3345 1614 3432 juridica
1641 3354 1763 3416 extunc

383 3478 569 3547 immediate
583 3486 736 3566 sequente
750 3504 814 3567 que
828 3505 887 3549 nos
896 3482 949 3550 vel
963 3483 1144 3569 predictum
1157 3483 1268 3550 ioman
1281 3485 1518 3570 sunogandum
1529 3484 1711 3551 auditorem
1723 3486 1762 3553 in

382 3615 470 3683 dioto
491 3616 612 3702 palatio
630 3640 797 3684 oausamm
817 3619 989 3705 apostolico
1006 3642 1103 3687 mane
1119 3620 1199 3688 hora
1218 3642 1387 3687 cumarum
1403 3622 1447 3686 sd
1465 3620 1543 3707 jue
1557 3623 1762 3689 reddendum

383 3752 442 3839 prd
457 3724 612 3820 tribunali
626 3755 735 3821 sedere
749 3755 921 3843 contigerit
939 3778 997 3843 per
1011 3779 1045 3823 se
1058 3757 1112 3824 rel
1129 3762 1368 3843 procuratorem
1381 3778 1440 3823 seu
1453 3762 1673 3843 procuratores
1685 3780 1762 3825 suos

374 3889 521 3973 ydoneos
547 3892 591 3958 ud
619 3914 748 3959 oausam
776 3916 832 3959 seu
861 3914 972 3959 causae
1000 3892 1190 3981 hujusmodi
1221 3893 1315 3960 nobis
1344 3894 1527 3961 commissas
1559 3895 1754 3963 sufficienter

384 4024 555 4093 instructoe
568 4050 642 4094 oum
657 4028 805 4096 omnibus
819 4038 853 4097 et
866 4029 1003 4117 singulis
1017 4030 1096 4098 ucis
1109 4031 1251 4099 wtitatis
1263 4030 1381 4097 litteris
1397 4031 1621 4099 instrumentis
1634 4032 1760 4101 viribus

385 4160 562 4247 puvileglis
575 4164 770 4249 processibus
784 4172 818 4233 et
830 4167 903 4234 aliis
917 4168 983 4235 suis
995 4168 1204 4236 monimentis
1213 4168 1257 4236 nd
1266 4189 1396 4235 eausam
1405 4172 1440 4235 et
1449 4192 1561 4235 musas
1569 4167 1761 4256 hujusmodi

386 4294 575 4365 latientibus
599 4322 636 4367 ao
659 4324 731 4369 eom
755 4328 812 4373 ceu
837 4328 890 4373 eas
915 4308 1075 4392 quomodo
1099 4306 1181 4374 libet
1204 4305 1416 4395 tangentibus
1438 4311 1471 4373 et
1494 4306 1760 4375 concernentibus

387 4440 573 4517 computent
592 4436 628 4502 in
648 4437 770 4525 judicio
790 4428 950 4529 legittime
971 4466 1079 4511 coram
1098 4443 1193 4511 nobis
1205 4444 1258 4511 vel
1278 4444 1422 4531 predicto
1438 4443 1549 4511 forsan
1564 4443 1636 4511 loco
1654 4444 1760 4512 nostri

385 4572 584 4656 surrogando
594 4574 739 4643 auditore
749 4578 882 4664 prefatis
896 4581 1027 4649 domino
1040 4580 1065 4651 J
1064 4604 1200 4649 onam
1213 4581 1325 4650 abbati
1338 4586 1373 4648 et
1385 4580 1558 4649 conventui
1570 4580 1759 4669 prineipuli·
