4009 5434
1511 580 1575 647 10⁷

245 890 426 963 libertatem
441 892 519 960 ville
533 896 641 961 nostru
654 890 796 981 prediolo
816 890 911 960 fastis
931 891 1074 980 prelatos
1093 890 1270 979 burgenses
1289 896 1414 959 nostros
1434 896 1620 962 tenementa

246 1052 300 1098 seu
310 1030 428 1099 satalia
438 1054 550 1099 eorum
560 1029 771 1119 tangentibus
780 1030 868 1097 unde
881 1028 1051 1117 inquisioio
1064 1029 1136 1135 oapi
1150 1028 1265 1097 debeat
1279 1030 1366 1115 quod
1379 1030 1437 1097 illo
1450 1030 1619 1117 inquisioio
1685 1050 1689 1056 ’

247 1166 288 1235 sis
312 1167 491 1277 terminata
518 1188 576 1254 per
603 1166 808 1254 inquisitores
829 1171 864 1237 st
884 1189 952 1235 non
975 1189 1033 1255 per
1054 1166 1135 1233 alios
1157 1171 1191 1233 et
1215 1166 1302 1253 quod
1324 1166 1424 1235 iidem
1443 1166 1621 1257 burgenses

246 1304 344 1371 nostri
358 1326 419 1371 neo
434 1326 544 1370 eorum
559 1324 749 1371 suoosssores
762 1304 905 1391 aliquam
928 1354 1068 1371 .....
1092 1301 1252 1371 saoiouem
1265 1304 1388 1372 faeiem
1402 1329 1461 1373 noo
1477 1306 1619 1395 aliquem

246 1440 424 1531 lngifivum
437 1440 474 1508 in
492 1441 602 1528 aliqua
621 1440 752 1509 molesia
772 1442 884 1509 oustod
906 1490 1244 1509 ...........
1267 1439 1482 1529 burgensibus
1502 1444 1620 1511 uostris

248 1580 333 1666 quod
346 1602 406 1667 per
420 1578 658 1647 ordineoionem
675 1576 902 1645 oonstabularii
923 1578 1026 1645 nostri
1046 1578 1206 1665 prediotos
1226 1580 1445 1647 ordinaoiones
1466 1586 1500 1648 et
1521 1582 1619 1649 olam-

246 1716 371 1784 aoiones
394 1714 495 1783 libers
519 1716 625 1783 lesere
647 1715 771 1803 possint
795 1715 836 1782 de
861 1715 960 1782 assisa
981 1714 1076 1803 panis
1100 1720 1134 1783 st
1156 1714 1286 1783 servioie
1309 1720 1343 1781 et
1366 1716 1408 1782 ds
1430 1716 1503 1783 aliis
1524 1718 1622 1786 rebus

248 1856 383 1921 eandem
400 1852 514 1919 villam
532 1850 743 1941 tangentibus
762 1853 1018 1939 quandocunque
1035 1875 1161 1919 neeesse
1177 1852 1278 1920 fuerit
1296 1853 1339 1919 sd
1360 1856 1621 1924 emendaoionem

247 1991 392 2079 ejusdem
414 1990 491 2058 ville
512 1994 545 2057 et
565 1990 744 2078 proflouum
765 1990 886 2078 populi.
931 1986 987 2056 Ita
1009 1990 1096 2077 quod
1117 2013 1183 2056 non
1209 1995 1305 2058 erunt
1326 1991 1439 2081 legum
1463 1993 1620 2079 pmolam·
1725 2044 1732 2065 ι

247 2128 371 2195 soiones
384 2126 419 2195 in
435 2128 590 2195 uomitatu
606 2134 716 2195 nostro
737 2126 1010 2195 Gnsuonosnorn
1025 2128 1134 2213 eliquo
1155 2132 1299 2215 tempore
1320 2128 1414 2197 faute.
1459 2126 1622 2198 Volumus

247 2266 346 2333 seiam
370 2266 459 2353 quod
482 2264 735 2333 eonstabularius
756 2268 865 2331 noster
888 2266 929 2331 de
951 2260 1169 2331 Lsnomssnu
1192 2264 1234 2331 de
1256 2270 1360 2333 oetero
1382 2270 1491 2333 teneat
1511 2269 1622 2335 omnia

246 2400 414 2471 hundreda
428 2404 504 2471 ville
518 2404 665 2491 ejusdem
679 2401 842 2469 demenso
856 2400 892 2468 in
906 2424 1050 2469 mensem
1064 2403 1105 2469 de
1119 2399 1269 2470 omnibus
1280 2402 1408 2489 planitie
1429 2407 1463 2471 st
1483 2404 1623 2491 querelis

246 2546 313 2609 tam
338 2542 380 2609 de
405 2542 553 2609 elamore
566 2540 692 2609 butesio
718 2539 876 2627 sanguine
899 2538 972 2607 fuso
998 2562 1098 2626 quam
1118 2541 1160 2607 de
1180 2538 1486 2627 brnnsgressionibus
1503 2539 1621 2609 debitis

247 2677 512 2746 souvenoionibus
540 2690 639 2766 quam
667 2676 768 2746 seiam
796 2677 837 2745 de
866 2676 938 2743 aliis
966 2676 1101 2744 diversis
1128 2676 1298 2745 oonlraotis
1326 2678 1466 2765 exeeptis
1494 2678 1643 2766 pleoitis'

246 2837 359 2884 oorone
372 2814 545 2883 lorestullis
558 2814 798 2883 ethomesolreu
820 2820 855 2883 et
875 2814 1002 2902 planitia
1023 2818 1116 2882 terre.
1160 2812 1233 2881 Nos
1245 2837 1321 2882 vero
1337 2814 1499 2901 predictus
1506 2814 1621 2892 ‚Huoo
1724 2795 1744 2819 x

247 2958 280 3020 et
298 2953 431 3021 heredes
451 2952 553 3020 nostri
574 2974 685 3021 omnes
705 2950 870 3020 hbertatas
894 2952 1054 3039 prediotas
1081 2950 1233 3038 prodistis
1260 2950 1475 3057 brugensibus
1502 2955 1622 3021 nostris

122 3154 128 3167 ,
247 3095 356 3159 eontra
381 3112 491 3159 omnes
516 3094 630 3179 gentas
657 3086 937 3157 warantizabimus
965 3092 999 3155 st
1027 3088 1064 3155 in
1091 3090 1283 3175 perpensum
1311 3086 1530 3157 defendemus.
1575 3088 1620 3159 In

248 3229 335 3296 ouius
347 3228 396 3295 rei
409 3227 631 3295 testimonium
643 3224 720 3294 huie
738 3229 885 3313 presente
904 3229 989 3293 oarte
1007 3229 1115 3292 nostre
1137 3223 1283 3313 sigillum
1304 3225 1490 3293 oanoellmie
1510 3230 1620 3295 nostra

246 3364 285 3432 de
309 3364 482 3433 Kanum
507 3364 660 3431 duximus
684 3362 922 3451 apponendum.
968 3360 1048 3427 Hiis
1071 3360 1207 3427 testibus
1235 3360 1377 3429 Domino
1406 3360 1559 3432 mnaso
1587 3364 1620 3432 le

245 3500 333 3570 boos
358 3505 438 3568 tuno
459 3500 643 3569 vioeoomite
671 3504 781 3567 nostro
810 3496 1085 3567 Gsauosesuoru
1113 3502 1148 3564 sl
1174 3496 1384 3565 Monoleum
1429 3498 1559 3568 'Pnous
1586 3502 1618 3570 le

245 3632 384 3709 wiser
416 3637 547 3705 domino
560 3634 584 3705 J
585 3656 727 3704 ousuun
740 3635 772 3703 le
786 3632 943 3703 Nonnnrs
975 3633 1107 3701 domino
1121 3632 1250 3701 raon
1264 3656 1306 3721 ap
1319 3632 1445 3702 Annon
1460 3635 1619 3705 militibus

244 3774 388 3844 Psosso
401 3777 444 3842 de
457 3772 683 3843 Tunnnsvrnn
714 3768 927 3840 anunnruo
941 3766 1091 3839 Vsorrsn
1120 3767 1281 3859 M[s1>00]
1297 3793 1339 3859 ap
1354 3771 1472 3839 mvn>
1486 3776 1520 3839 et
1533 3774 1614 3842 aliis.

244 3908 370 3981 Datum
383 3912 471 4000 apud
484 3908 655 3978 Konorrr
670 3912 784 3997 quarto
798 3908 852 3976 die
865 3906 984 3975 mensis
997 3902 1082 3975 Maii
1098 3926 1185 3973 anno
1204 3906 1300 3995 regni
1320 3906 1424 3998 Regis
1443 3906 1616 3979 Enwaaur

243 4049 333 4117 teroii
346 4052 420 4135 post
433 4050 642 4135 oonquestum
655 4045 814 4115 vioesimo.
862 4042 901 4133 [4
916 4042 1010 4131 May,
1026 4040 1141 4132 1346]

284 4184 438 4254 Pretsrea
451 4182 661 4252 oonosssimus
674 4180 795 4251 eisdem
807 4178 1023 4270 burgennbus
1035 4180 1152 4248 nostris
1165 4181 1207 4248 de
1225 4182 1335 4270 graoia
1354 4188 1464 4252 nostra
1485 4186 1615 4273 speoisli

243 4323 329 4409 quod
352 4320 417 4409 ipsi
444 4324 478 4388 et
505 4342 617 4389 sorum
644 4340 835 4388 subsessores
862 4316 1004 4385 habeant
1035 4317 1179 4385 deoetero
1207 4317 1345 4387 housbot
1373 4327 1407 4388 et
1433 4322 1545 4391 heibot
1572 4324 1614 4391 de

242 4464 368 4528 mortuo
380 4458 475 4527 bosoo
487 4456 525 4527 lu
542 4454 645 4526 bosois
663 4458 698 4525 et
713 4455 751 4524 in
771 4454 899 4525 iurastis
916 4454 1035 4522 nostris
1054 4454 1096 4521 de
1117 4448 1283 4522 Murem
1304 4462 1339 4526 et
1359 4454 1613 4527 Gnmnormr

242 4596 477 4665 rationabiliter
494 4594 564 4665 eins
584 4590 816 4682 impedimento
835 4590 1078 4661 forestariorum
1097 4596 1288 4661 nostrorum
1332 4590 1381 4662 Et
1402 4596 1490 4682 quod
1511 4596 1612 4665 iidem
