4009 5434
403 656 450 722 80

357 990 473 1056 oopum
509 968 773 1039 huusvausurs
806 971 847 1037 da
883 973 917 1036 et
953 991 1050 1056 super
1082 967 1249 1036 nonnullis
1281 966 1414 1055 injustis
1444 963 1669 1034 vexationibus
1702 970 1736 1033 et

355 1105 643 1193 inquietationibus
660 1132 740 1195 quea
757 1108 845 1175 idem
864 1108 1058 1176 reverendus
1075 1110 1169 1195 puter
1185 1106 1220 1171 in
1238 1104 1305 1171 suis
1318 1102 1558 1171 visitationibus
1571 1101 1618 1169 eis
1634 1101 1736 1169 infert

355 1245 389 1310 et
402 1242 522 1310 inferre
536 1250 670 1313 conatur
684 1248 726 1314 de
739 1251 774 1314 et
790 1269 885 1333 super
905 1244 1105 1313 exhibitione
1123 1242 1333 1330 productione
1349 1246 1385 1309 et
1400 1240 1590 1329 probatione
1604 1239 1688 1328 juris
1701 1243 1736 1307 et

354 1379 499 1447 canonici
513 1381 680 1470 titulique
694 1381 816 1451 habent
829 1386 864 1451 et
875 1380 993 1449 habere
1009 1380 1207 1469 pretendunt
1219 1380 1256 1447 in
1270 1383 1304 1447 ot
1317 1380 1360 1448 sd
1374 1378 1521 1446 ecclesias
1536 1376 1735 1466 parochiales

355 1518 396 1584 de
428 1516 621 1585 Prummu
645 1519 687 1585 de
711 1517 840 1586 Arnus
869 1520 971 1625 etde
1000 1517 1232 1585 Lsuowunrrr
1261 1496 1346 1584 dioto
1374 1514 1508 1583 diocesis
1535 1538 1661 1582 necnon
1689 1516 1733 1582 sd

354 1654 596 1741 percipiendum
618 1660 651 1723 et
672 1656 870 1745 exigendum
891 1660 993 1723 certus
1015 1656 1155 1722 decimas
1174 1656 1263 1721 infra
1282 1654 1403 1722 dictam
1420 1653 1572 1752 diocesim
1592 1651 1732 1719 Lunna·

356 1812 494 1857 rursum
523 1814 560 1858 ac
588 1791 661 1859 eliis
689 1792 725 1859 in
755 1792 841 1859 diota
869 1815 965 1860 canas
993 1792 1190 1859 deducendis
1218 1796 1252 1859 et
1280 1791 1383 1879 ipsius
1410 1790 1573 1858 mensione
1600 1788 1660 1857 uni
1692 1812 1734 1857 ex

323 1900 329 1933 ²
359 1926 594 1997 venenarium
613 1932 647 1995 c
666 1929 901 2017 cumpca
919 1929 998 1996 cru
1017 1928 1116 1997 vesus
1135 1929 1216 1997 ueri
1237 1927 1358 1996 russi
1378 1927 1545 2016 aponum
1565 1949 1734 1995 cauum

355 2062 558 2131 auditoribus
577 2064 776 2133 committere
796 2064 995 2132 audiendum
1015 2065 1271 2153 cognoscendum
1291 2068 1324 2131 et
1341 2064 1406 2131 fine
1425 2064 1535 2133 debito
1556 2063 1733 2132 terminan-

354 2200 435 2267 dum
449 2222 523 2268 cum
533 2201 682 2269 omnibus
693 2205 726 2269 et
737 2202 874 2289 singulis
885 2201 951 2269 suis
964 2201 1203 2289 emergentibus
1217 2200 1474 2289 dependentibus
1491 2199 1734 2269 moderantibus

356 2341 391 2404 et
401 2339 561 2405 connexis.
596 2338 644 2405 Et
658 2361 732 2407 cum
745 2342 902 2427 potestate
917 2338 1039 2406 citandi
1053 2339 1177 2406 dictum
1187 2340 1399 2406 reverendum
1412 2342 1538 2425 patrem
1549 2336 1733 2426 episcopum

356 2473 619 2543 Lsuurvussuu
641 2500 678 2544 sc
692 2498 803 2543 omnes
822 2476 902 2543 alios
915 2480 950 2543 ct
963 2476 1108 2564 singulos
1125 2500 1183 2543 sua
1199 2476 1352 2544 intemsse
1365 2478 1517 2563 putantes
1531 2475 1568 2542 in
1581 2474 1733 2543 Romana

355 2612 444 2681 curia
466 2618 500 2681 et
519 2618 611 2680 extra
629 2613 778 2701 quotiens
797 2636 878 2701 opus
900 2614 1009 2681 fuerit.
1053 2614 1133 2682 Non
1154 2613 1301 2682 obstante
1321 2615 1409 2701 quod
1428 2635 1525 2681 causa
1543 2611 1734 2700 hujusmodi

356 2770 423 2816 non
442 2748 485 2816 sit
504 2747 613 2817 forsan
633 2750 674 2816 de
692 2772 750 2816 suus
767 2753 884 2817 natura
898 2751 941 2817 ad
959 2749 1081 2817 curiam
1098 2749 1282 2817 Romanam
1300 2750 1447 2839 legitime
1461 2750 1614 2819 devoluta
1627 2773 1684 2818 seu
1697 2750 1734 2818 in

355 2886 468 2952 eadem
496 2886 538 2953 do
566 2884 650 2973 juris
678 2887 865 2955 necessitate
893 2887 1062 2954 mactanda
1087 2886 1153 2954 aive
1181 2885 1339 2953 facienda.
1385 2884 1429 2953 1n
1457 2887 1522 2954 dne
1547 2908 1623 2954 vero
1647 2888 1734 2957 dicte

356 3020 586 3089 commissionis
600 3022 666 3091 sive
680 3023 922 3111 supplicationis
936 3024 1048 3091 cadulo
1063 3024 1180 3111 scripta
1190 3026 1284 3089 crant
1297 3023 1338 3089 de
1348 3022 1482 3090 ulterius
1494 3046 1611 3091 munus
1623 3022 1735 3091 litters

358 3158 514 3246 superiori
541 3160 648 3227 littere
671 3161 774 3248 ipsius
802 3161 913 3229 cedule
939 3162 1070 3249 penitus
1091 3166 1126 3229 et
1148 3126 1280 3229 omnino
1302 3160 1452 3227 disnmili
1471 3164 1505 3228 et
1526 3160 1653 3229 diversa
1673 3159 1735 3229 heo

358 3294 456 3363 verbo
474 3294 624 3363 videlicet
642 3298 684 3365 de
700 3298 854 3365 mandato
872 3298 996 3366 domini
1017 3296 1119 3365 nostri
1140 3297 1229 3387 Pape
1250 3298 1363 3365 audiat
1382 3297 1539 3387 magister
1558 3296 1735 3367 Nmousns

359 3430 436 3498 citet
455 3438 494 3499 ut
512 3432 635 3520 petitur
655 3438 689 3501 ct
708 3433 871 3522 justitium
894 3435 1000 3503 satist.
1046 3435 1126 3503 Post
1144 3436 1239 3524 cujus
1258 3436 1389 3524 quidem
1412 3434 1644 3503 commissionis
1666 3435 1734 3504 sive

360 3567 601 3655 supplicationis
622 3571 734 3638 cedule
754 3571 1025 3660 presentationem
1047 3577 1081 3640 et
1099 3572 1315 3660 receptionem
1335 3571 1459 3640 inimus
1478 3594 1538 3661 per
1559 3573 1734 3641 discretum

360 3704 465 3773 virum
490 3707 683 3795 magistrum
713 3706 908 3775 domuum
938 3708 1105 3775 Buouunu
1135 3708 1285 3776 clericum
1309 3706 1517 3775 munere
1542 3707 1676 3777 diocesis
1697 3710 1734 3777 in

360 3842 510 3910 Romana
538 3845 627 3912 curia
655 3848 893 3933 procuratorem
921 3848 955 3912 et
983 3845 1143 3913 dictorum
1174 3844 1299 3912 domini
1333 3844 1510 3913 Jcnsnurs
1545 3844 1671 3914 abbatis
1699 3851 1735 3915 et

359 3985 534 4049 conventum
550 3982 736 4049 monasterii
754 3981 848 4049 beate
868 3982 975 4050 Murie
996 3983 1037 4050 de
1058 3982 1212 4049 Monens
1231 3982 1316 4050 dicte
1337 3980 1582 4050 Inunsvnnsrs
1600 3983 1734 4053 diocesis

358 4117 585 4207 principalium
607 4120 644 4188 in
667 4120 754 4189 dicta
776 4120 869 4190 nobis
893 4122 980 4189 facte
1002 4126 1037 4190 et
1061 4125 1245 4210 presentata
1267 4121 1487 4191 commissione
1511 4122 1734 4211 principaliter

357 4254 598 4323 nominatorum
628 4263 866 4345 procuratorem
897 4264 994 4348 prout
1026 4260 1067 4327 de
1098 4282 1155 4326 sue
1187 4258 1420 4348 procurationis
1451 4262 1606 4328 mandato
1639 4258 1733 4329 nobis

358 4392 529 4481 legIttimis
572 4395 739 4464 constabat
781 4402 878 4483 atque
922 4402 1048 4465 constat
1090 4397 1290 4465 documentis
1331 4419 1439 4465 coram
1478 4397 1572 4466 nobis
1614 4398 1731 4466 consti·

358 4534 468 4601 tntum
504 4530 613 4600 debita
648 4555 722 4601 cum
757 4533 913 4602 instantis
946 4533 1094 4622 requisiti
1124 4540 1285 4623 qnatenus
1321 4534 1383 4603 arbi
1419 4536 1606 4605 citationem
1639 4538 1733 4604 extra
