4009 5434
1517 634 1582 737 uer

236 982 393 1072 gruoim
405 985 440 1051 et
453 980 719 1049 benedictionem
766 978 884 1049 Soletis
897 1002 957 1049 nos
969 980 1094 1051 dedisse
1110 982 1297 1049 oonoessisse
1315 1004 1353 1048 eo
1372 982 1512 1071 presenti
1534 988 1624 1049 oerte

237 1126 361 1191 noem
372 1118 576 1189 oondnnms
596 1141 656 1207 pro
674 1118 768 1187 nobis
781 1122 815 1187 et
824 1117 1058 1187 suooemoribus
1072 1118 1191 1186 nostris
1206 1120 1324 1187 dileoto
1337 1120 1431 1188 nobis
1444 1120 1480 1187 in
1496 1118 1624 1189 Gbristo

236 1257 407 1327 Howuro
435 1256 556 1325 ΟΜ
581 1256 763 1325 munorium
786 1260 934 1325 nostrum
962 1257 1004 1324 de
1031 1255 1149 1324 Ponvo
1173 1256 1355 1326 Promo
1380 1258 1461 1326 ulios
1484 1256 1625 1327 Lunum

237 1394 390 1465 Nom
404 1417 479 1463 oum
492 1393 644 1463 omnibus
658 1398 692 1463 et
703 1393 845 1483 siugulis
857 1394 925 1462 suis
939 1393 1146 1482 pertinentiis
1160 1418 1197 1462 uo
1210 1394 1309 1463 etium
1323 1395 1418 1463 unu
1431 1394 1625 1463 tenementis

238 1532 351 1620 protis
370 1530 497 1617 pusouis
516 1530 658 1617 postoris
677 1528 781 1597 bosois
801 1526 964 1597 subboseis
984 1534 1018 1597 et
1040 1530 1220 1599 redditibus
1240 1554 1366 1599 neenou
1386 1555 1460 1600 oum
1474 1529 1624 1600 omnibus

239 1675 278 1736 et
301 1668 444 1757 singulis
464 1665 744 1735 eommoditotibus
768 1666 995 1735 emolumentis
1020 1671 1054 1735 et
1076 1669 1226 1757 predonis
1251 1668 1496 1757 quibuscunque
1517 1670 1624 1739 eidem

239 1806 393 1873 monerio
406 1805 673 1892 quniiterounque
686 1803 924 1893 pertinentibus
938 1804 1006 1873 sive
1021 1805 1249 1894 speotuutibus.
1285 1806 1486 1875 Hubendum
1504 1810 1537 1874 et
1551 1812 1622 1875 teu·

239 1944 370 2012 endum
381 1942 564 2031 prediotum
581 1942 764 2011 munerium
782 1964 858 2009 oum
878 1941 1029 2011 omnibus
1049 1946 1084 2010 et
1105 1943 1243 2031 singulis
1259 1943 1337 2011 sniis
1358 1944 1562 2033 pertiuentiis
1582 1968 1620 2013 oo

241 2082 350 2150 esium
363 2081 459 2149 terris
472 2080 668 2149 tenementis
688 2080 792 2168 protis
809 2079 936 2169 poseuis
948 2078 1090 2167 postoris
1104 2079 1207 2148 bosois
1221 2080 1383 2149 subbosois
1397 2088 1431 2149 et
1443 2079 1624 2150 redditibus

242 2241 375 2288 neonon
395 2240 470 2285 oum
491 2216 642 2286 omnibus
660 2220 695 2285 et
714 2217 853 2306 dnffubs
873 2216 1156 2286 eommoditetibus
1173 2216 1398 2286 emolumentis
1420 2224 1452 2287 et
1473 2218 1623 2307 predonis

173 2314 190 2338 Ι
248 2356 496 2445 quibusounque
509 2356 623 2423 sedem
636 2354 782 2422 manerio
795 2352 1063 2442 qualiterounque
1077 2353 1315 2443 pertinentibus
1325 2356 1391 2423 sive
1406 2355 1625 2445 speotontibus

245 2493 377 2584 pretato
387 2492 544 2561 Howrsuo
554 2490 675 2561 (lem
684 2488 857 2561 heredibus
868 2494 901 2559 et
911 2489 1085 2581 resignetis
1095 2492 1161 2559 suis
1171 2492 1418 2583 imperpetuum.
1444 2494 1624 2563 Reddenda

246 2632 327 2701 inde
341 2631 513 2699 mortim
527 2629 621 2698 nobis
641 2633 677 2697 et
689 2626 920 2697 sueeessoribus
936 2628 1056 2695 nostris
1069 2628 1307 2719 imperpetuum
1321 2630 1459 2720 triginta
1472 2636 1506 2699 et
1521 2654 1624 2701 unum

248 2770 369 2839 solidos
382 2768 498 2858 legalis
511 2770 641 2836 monete
651 2765 775 2855 Anglie
791 2765 960 2834 solvendos
973 2788 1100 2855 semper
1112 2768 1156 2835 od
1169 2768 1290 2837 festum
1301 2768 1411 2837 Senoti
1426 2768 1624 2839 Momm

248 2907 450 2997 „mulgeo
463 2929 522 2995 pe
536 2905 687 2975 omnibu
703 2904 777 2973 ou
792 2903 933 2973 meon
952 2904 1176 2973 moionibus
1189 2910 1223 2974 ee
1237 2906 1405 2974 sommus
1419 2906 1516 2975 eive
1529 2908 1624 2975 sees
1760 2876 1772 2908 '¹

249 3045 338 3114 eurio
351 3048 460 3113 nostre
474 3047 508 3112 et
522 3064 738 3113 suooeflorum
750 3048 935 3112 nostrerum
947 3042 1079 3113 ibidem.
1125 3043 1171 3112 Et
1186 3066 1245 3113 nos
1259 3066 1334 3111 vero
1345 3042 1521 3113 Gnouuros
1532 3048 1623 3113 ente·

249 3184 358 3251 dietus
376 3186 411 3252 et
431 3202 625 3251 suooemores
645 3180 749 3251 nostri
768 3181 951 3270 prediotum
971 3182 1153 3251 muneiium
1174 3203 1249 3249 oum
1266 3180 1416 3249 omnibus
1435 3186 1469 3249 et
1485 3180 1624 3271 numnis

249 3320 317 3389 suis
336 3317 575 3409 pertinentibus
595 3340 633 3387 oo
654 3319 754 3388 etiem
774 3319 870 3388 terris
890 3320 1085 3388 tenementis
1105 3320 1206 3408 protis
1222 3318 1348 3409 pssouis
1364 3318 1504 3406 postoris
1521 3318 1624 3387 bosois

250 3457 412 3526 subbosois
432 3462 466 3526 et
489 3455 670 3525 redditibus
698 3478 824 3525 neonon
848 3480 924 3527 oum
950 3456 1101 3526 omnibus
1125 3462 1158 3525 et
1183 3456 1320 3546 singulis
1343 3455 1624 3525 oommoditotibus

251 3594 477 3663 emolumentis
489 3597 526 3663 et
542 3594 693 3683 predonis
712 3593 955 3681 quibusounque
974 3593 1080 3661 eidem
1099 3594 1242 3661 monerio
1264 3594 1528 3681 queliterouuque
1550 3616 1621 3682 per-

250 3730 431 3801 tinentibus
444 3731 512 3799 sive
525 3729 745 3820 spectantibus
757 3732 901 3821 predioto
916 3731 1073 3799 Hownro
1084 3731 1205 3800 Ornos
1219 3730 1390 3808 hereffibus
1404 3738 1438 3799 et
1451 3732 1625 3821 assignetis

250 3870 319 3937 mis
337 3870 578 3959 imperpetuum
591 3874 704 3939 uentre
717 3892 829 3938 omnes
838 3873 954 3959 gentes
964 3868 1246 3938 mundabimus
1256 3873 1289 3938 et
1300 3869 1519 3939 defendemus
1557 3868 1623 3939 Sed

251 4008 280 4074 si
307 4007 478 4096 continget
499 4005 609 4095 ulique
637 4011 781 4095 tempore
805 4007 843 4075 in
866 4006 1016 4075 iutunrm'
1041 4007 1200 4095 prediotos
1224 4004 1405 4075 redditibus
1429 4007 1568 4097 triginta
1590 4012 1624 4076 et

252 4144 350 4211 unius
370 4144 546 4212 solidorum
566 4144 603 4211 in
624 4148 717 4232 purte
737 4144 791 4212 vel
811 4144 848 4211 in
869 4146 939 4211 toto
960 4148 1067 4211 uretro
1086 4166 1153 4211 esse
1172 4167 1238 4211 non
1260 4144 1382 4211 solutos
1402 4166 1460 4232 per
1480 4144 1624 4232 speoium

251 4280 392 4370 triginta
411 4281 539 4349 dierum
558 4280 746 4349 inmedioto
767 4280 973 4368 sequenoium
991 4283 1066 4368 post
1083 4282 1202 4348 testum
1215 4278 1413 4349 lironsnnrs
1427 4280 1625 4369 umhiengeii

252 4390 573 4506 prenominatumet
596 4417 833 4507 prelimitetnm
856 4418 946 4507 quod
972 4420 1054 4484 tuno
1080 4417 1164 4485 bene
1185 4417 1313 4485 liouerit
1333 4416 1428 4486 nobie
1449 4422 1483 4486 et
1504 4440 1623 4487 mooss-

151 4580 157 4590 ·
253 4555 379 4623 sonbus
397 4555 516 4624 nostris
536 4555 572 4624 in
593 4556 775 4646 prediotum
795 4556 977 4625 mensuum
998 4560 1145 4623 nostrum
1167 4578 1241 4623 eum
1263 4548 1412 4623 omnibus
1433 4558 1467 4622 ot
1486 4555 1624 4643 ungariis
