4009 5434
470 649 533 717 162

467 960 637 1029 marm
666 960 836 1029 comitisse
859 960 1051 1031 Wroourm
1072 962 1205 1029 domine
1227 960 1262 1029 is
1285 958 1490 1029 Drsrnresnn
1517 959 1795 1029 &mosomum
1844 948 1857 968 ⁶

422 1104 457 1169 et
485 1100 694 1169 Monesrom
724 1098 872 1169 omnibus
900 1098 1050 1167 fidelibus
1077 1100 1121 1167 sd
1148 1122 1229 1187 qnos
1255 1102 1418 1188 presentes
1444 1098 1552 1167 littere
1586 1099 1795 1186 pervenerint

420 1238 568 1306 sulutem.

463 1384 671 1475 Inspeximus
684 1386 961 1455 oonfirmsoionem
974 1384 1103 1453 Tuon
1116 1384 1148 1452 le
1161 1370 1365 1453 Dnsrnrsnn
1378 1384 1503 1453 domini
1517 1383 1792 1452 Gmnonosrrom

419 1526 455 1592 et
476 1523 685 1591 Monosrorn
710 1524 812 1612 petris
833 1524 935 1592 nostri
963 1546 1063 1611 quam
1090 1522 1170 1591 feeit
1195 1480 1410 1612 burgensibus
1436 1522 1555 1591 nostris
1578 1523 1620 1590 de
1647 1520 1791 1589 ΚΛΜ

418 1661 455 1729 in
469 1659 528 1729 heo
542 1662 649 1730 verbs.
697 1660 800 1751 [Vide
813 1661 879 1729 No.
895 1660 1044 1729 cccix.
1060 1682 1127 1727 sn.
1144 1659 1258 1750 1397]
1394 1680 1400 1687 ·

462 1811 510 1880 Et
523 1835 583 1879 nos
595 1812 698 1900 igitur
716 1810 843 1898 prefate
864 1810 1034 1877 Isseunm
1055 1808 1225 1879 (lomitiesn
1245 1810 1435 1879 Wmonum
1457 1812 1498 1879 de
1517 1810 1660 1879 liberiori
1679 1810 1791 1898 mede

417 1953 528 2017 nostre
556 1948 766 2016 oonoossimus
788 1948 923 2037 profetis
942 1947 1157 2037 burgensibus
1177 1947 1294 2015 nostris
1313 1948 1485 2017 heredibus
1506 1953 1540 2016 et
1560 1948 1789 2017 suooessoribus

325 2082 327 2085 ’
417 2086 484 2154 suis
505 2084 594 2151 inire
618 2084 760 2173 burgum
783 2088 929 2151 nostrum
951 2085 1133 2172 predictum
1155 2085 1329 2152 residentes
1350 2085 1437 2171 quod
1458 2084 1486 2151 si
1506 2085 1569 2171 ipsi
1594 2089 1652 2151 eut
1676 2107 1789 2152 eorum

417 2222 535 2310 aliquis
553 2224 718 2289 noousutus
737 2222 790 2289 vel
807 2222 1000 2288 ettnol'rietus
1016 2222 1118 2288 fuerit
1137 2222 1174 2289 in
1194 2226 1358 2309 posterum
1377 2222 1415 2290 in
1436 2222 1624 2289 eomitntum
1640 2228 1789 2289 nostrum

418 2360 691 2429 Gmuonesrom
705 2380 764 2446 pro
778 2358 887 2443 alique
901 2358 1023 2425 felonis
1036 2356 1125 2424 infre
1137 2356 1321 2425 libertatem
1333 2358 1411 2425 ville
1424 2363 1532 2427 nostre
1546 2358 1689 2446 prediote
1711 2408 1720 2424 .
1744 2407 1753 2425 .
1777 2408 1785 2425 .

416 2495 1552 2587 ...gentiqu....ineodemoomitntunostrodebettrisriet
1573 2546 1716 2563 .....
1740 2495 1788 2564 eri

416 2636 504 2723 quod
517 2636 617 2701 iidem
630 2633 805 2721 burgenses
823 2656 934 2700 eorum
950 2632 1083 2700 heredes
1103 2636 1137 2699 et
1155 2655 1346 2699 suooessores
1366 2637 1400 2699 et
1421 2656 1532 2700 eorum
1553 2632 1690 2719 quilibet
1709 2634 1787 2701 inde

415 2795 474 2861 pro
487 2770 702 2860 burgensibus
714 2770 813 2857 burgi
826 2770 928 2836 nostri
941 2768 1078 2856 predicti
1092 2773 1126 2835 et
1137 2792 1205 2837 non
1219 2792 1277 2855 per
1292 2768 1466 2837 forinseeos
1482 2792 1553 2837 oom
1576 2819 1783 2837 .......

415 2910 507 2978 trieri
522 2914 555 2976 et
578 2958 718 2975 .....
742 2906 791 2973 nri
804 2906 928 2993 possint
941 2907 994 2973 vel
1007 2907 1108 2993 possit
1121 2907 1164 2973 sd
1177 2906 1319 2993 primum
1336 2906 1389 2973 vel
1405 2909 1581 2975 seeundum
1598 2908 1787 2975 eomitetnm

417 3046 689 3114 Gnsmoeosscm
704 3046 885 3132 postquem
896 3044 981 3131 ipsos
994 3044 1047 3110 vel
1061 3067 1172 3111 eorum
1185 3043 1327 3130 aliquem
1341 3044 1386 3111 sio
1399 3045 1538 3111 sooussti
1551 3045 1604 3111 vel
1617 3045 1784 3112 otteohisti

292 3170 304 3187 ⁷
408 3183 589 3271 eontigerit.
631 3181 851 3249 Gonoessimus
864 3182 963 3247 etism
976 3181 1112 3268 profetis
1124 3181 1339 3269 burgensibus
1350 3181 1469 3249 nostris
1482 3203 1593 3250 eorum
1606 3181 1776 3249 heredibus

414 3324 447 3388 et
462 3317 691 3387 suecessoribus
705 3319 793 3385 infre
805 3318 948 3406 burgum
962 3322 1109 3385 nostrum
1121 3319 1303 3405 prediotum
1315 3319 1491 3385 residentes
1504 3318 1592 3405 quod
1609 3367 1781 3385 ......

413 3456 476 3544 ipsi
499 3462 557 3523 out
580 3478 692 3523 eorum
715 3456 832 3543 uliquis
854 3458 1018 3543 ponentur
1037 3455 1090 3523 vel
1110 3459 1250 3542 ponetur
1272 3456 1308 3522 in
1325 3478 1472 3543 prooessu
1490 3459 1587 3543 prout
1603 3454 1728 3523 felonss
1747 3455 1783 3522 in
1858 3508 1863 3517 .

413 3592 523 3681 eliqua
537 3593 626 3660 euris
640 3591 801 3659 ourimum
814 3596 997 3659 nostrerum
1010 3590 1228 3659 membrorum
1243 3592 1379 3659 dominii
1393 3593 1496 3661 nostri
1511 3592 1782 3661 Gmuonosucm

412 3732 447 3803 et
463 3728 672 3797 Monesrcm
693 3728 781 3814 quod
797 3726 860 3815 ipsi
878 3726 1054 3814 burgenses
1072 3750 1184 3794 eorum
1202 3726 1335 3795 heredes
1353 3731 1387 3795 et
1404 3752 1594 3798 mooessorss
1616 3736 1651 3798 et
1673 3754 1783 3798 eorum

412 3863 550 3952 quilibet
563 3866 599 3932 in
617 3865 806 3933 comitatum
822 3868 970 3931 nostrum
988 3863 1262 3933 Gmnonosrom
1281 3867 1351 3954 peti
1366 3872 1401 3935 et
1416 3866 1538 3935 ibidem
1553 3891 1612 3955 per
1631 3892 1687 3935 sex
1707 3869 1782 3936 bur·

410 4024 526 4091 genses
539 4002 636 4091 burgi
650 4001 753 4071 nostri
766 4002 903 4089 predioti
917 4007 950 4069 et
963 4026 1022 4091 per
1035 4026 1092 4071 sex
1105 4004 1147 4071 de
1160 4004 1298 4073 visineto
1320 4054 1527 4073 .......
1541 4007 1784 4094 prediotitrinri

410 4141 445 4206 et
468 4188 674 4206 .......
697 4162 752 4207 ere
771 4140 895 4227 possint
914 4140 966 4207 vel
982 4141 1084 4229 possit
1101 4141 1222 4209 futuris
1238 4142 1436 4231 temporibus
1452 4143 1617 4213 dnmmris
1632 4146 1681 4213 its
1694 4147 1783 4233 qnod

396 4274 1079 4365 xipsiuuteorumuliquisinsliqueourie
1096 4246 1456 4349 enrisrumnostrsrum
1472 4282 1690 4371 prediotomm
1708 4304 1784 4351 oum

409 4434 605 4502 manuopere
618 4438 685 4483 non
700 4415 868 4503 sepiuntur
881 4440 941 4485 neo
954 4417 1109 4506 espistur.

452 4574 672 4645 Ooneeedmus
685 4578 861 4667 insaporet
873 4603 932 4667 per
944 4586 1107 4668 presentes
1117 4581 1304 4661 memus
1313 4582 1401 4671 quod
1411 4581 1666 4651 eonstsbulsrius
1673 4587 1785 4653 noster
