4009 5434
1490 660 1553 725 145

230 977 347 1047 Knure
384 984 420 1046 et
456 976 583 1045 Tuon
620 976 767 1045 Lunum
802 978 984 1045 manerium
1011 998 1122 1045 meum
1151 978 1192 1044 de
1219 976 1366 1045 Lentu
1394 998 1468 1045 enm
1498 976 1598 1064 perti·

229 1118 345 1183 neneiie
381 1116 469 1183 iufra
504 1116 685 1183 dominium
720 1115 762 1182 de
799 1114 945 1183 Oenone
982 1119 1121 1204 quatuor
1156 1122 1321 1183 earnoetae
1355 1120 1442 1183 terre
1478 1116 1598 1203 viginti

230 1254 369 1342 quinque
398 1276 487 1321 οοηο
504 1259 549 1320 et
578 1252 747 1321 dimidiam
775 1254 861 1342 preti
890 1256 1021 1321 eentum
1042 1276 1132 1321 aerae
1151 1258 1237 1323 terre
1258 1252 1389 1323 arabilis
1415 1258 1483 1323 tree
1511 1277 1602 1321 neree

231 1392 311 1461 boeei
340 1394 463 1483 viginti
490 1398 630 1480 quatuor
658 1416 747 1461 οοηο
775 1400 906 1481 paetum
935 1394 1108 1483 maginta
1136 1419 1225 1464 οοηο
1254 1396 1338 1462 veti
1367 1400 1403 1463 et
1430 1395 1603 1483 sexaginta

231 1530 345 1599 eolides
389 1530 491 1597 annui
533 1530 687 1598 redditae
759 1530 961 1601 Hebeudum
1004 1539 1039 1601 et
1084 1534 1261 1601 tenendum
1305 1534 1417 1601 omnia
1458 1531 1604 1621 piudieta

231 1669 410 1737 manerium
431 1690 505 1735 eum
526 1668 732 1757 pertineueiie
754 1676 893 1757 quatuor
917 1676 1082 1739 oameatae
1101 1676 1187 1739 terre
1207 1673 1328 1761 viginti
1349 1672 1493 1759 quinque
1514 1690 1605 1737 οοηο

232 1816 263 1873 et
289 1806 461 1873 dimidiam
488 1808 575 1895 prati
603 1812 734 1874 eentum
762 1828 852 1875 neree
881 1813 966 1876 terre
995 1808 1126 1876 arabilis
1153 1812 1220 1876 tree
1247 1831 1337 1877 aerae
1364 1806 1452 1875 boeei
1479 1805 1603 1894 viginti

233 1950 369 2031 quatuor
396 1966 485 2011 οοηο
512 1950 643 2033 peeture
672 1946 843 2033 sexaginta
867 1968 956 2013 οοηο
980 1948 1065 2013 vesti
1093 1953 1129 2015 et
1155 1946 1327 2035 sexaginta
1354 1944 1472 2013 nilidae
1500 1944 1605 2011 annui

233 2082 376 2149 redditus
389 2082 525 2169 prefatio
539 2080 706 2151 Gurdinali
719 2082 894 2151 Mouneuo
908 2088 941 2151 et
955 2080 1084 2151 Tuon
1098 2082 1269 2151 heredibue
1290 2088 1324 2150 et
1345 2082 1517 2169 neeignetn'e
1537 2080 1607 2147 ania

233 2216 470 2306 imperpetuum
499 2220 539 2285 de
568 2218 760 2307 eapitaiibue
788 2219 928 2287 dominis
956 2219 1128 2289 feodorum
1155 2221 1286 2288 illorum
1314 2242 1373 2309 per
1400 2219 1547 2287 redditus
1572 2224 1606 2285 et

234 2355 365 2423 οοηὶοἰο
386 2356 463 2423 inde
485 2355 596 2423 debita
616 2360 651 2423 et
672 2361 831 2425 eonmete
877 2356 925 2425 Et
938 2380 1000 2447 ego
1014 2357 1177 2446 predictum
1197 2356 1396 2426 Euwennue
1417 2363 1451 2424 et
1472 2355 1608 2423 heredes

235 2494 296 2559 mei
321 2494 432 2560 omnia
455 2492 600 2581 predieta
623 2494 805 2562 manerium
831 2518 905 2563 eum
930 2494 1139 2583 pertinenciis
1162 2500 1302 2583 quatuor
1329 2500 1494 2563 earueatne
1520 2500 1607 2561 terre

235 2630 352 2718 viginti
380 2630 524 2719 quinque
553 2644 642 2699 οοηο
663 2638 697 2699 et
718 2632 887 2699 dimidium
908 2632 995 2720 preti
1016 2636 1148 2701 eentum
1169 2655 1258 2699 aerae
1278 2636 1364 2699 terre
1385 2632 1516 2699 arabilin
1540 2637 1608 2699 tren

235 2791 320 2837 οοηο
333 2769 421 2838 boeei
435 2770 554 2858 viginti
568 2776 708 2857 quatuor
721 2793 810 2837 οοηο
824 2776 955 2859 paeture
974 2772 1146 2859 sexaginta
1165 2793 1255 2838 οοηο
1276 2769 1360 2837 vneti
1381 2776 1415 2837 et
1435 2770 1607 2857 sexaginta

235 2906 350 2975 eolidoe
377 2908 480 2975 annui
503 2910 650 2977 redditus
678 2914 717 2976 ut
744 2908 926 2996 pretiotum
949 2916 998 2977 eet
1022 2908 1159 2995 pmfetie
1184 2906 1351 2975 cardinali
1372 2908 1548 2976 Monuauo
1571 2912 1607 2972 et

235 3041 360 3112 Tuon
386 3044 557 3113 heredibus
579 3050 613 3113 et
636 3045 808 3135 mugnetie
833 3046 899 3113 euie
922 3052 1034 3115 eontra
1056 3068 1168 3113 omnee
1190 3046 1305 3134 §antee
1326 3044 1609 3113 warantizabimus

236 3181 487 3269 acquietabimus
515 3188 549 3250 et
576 3182 815 3271 imperpetuum
844 3183 1056 3252 defendemus
1083 3207 1142 3272 per
1162 3190 1334 3271 preeentea
1379 3183 1424 3251 In
1445 3182 1537 3270 eujue
1557 3181 1606 3249 rei

236 3318 456 3387 teetiruonium
480 3319 555 3387 huie
579 3320 721 3407 presenti
744 3325 830 3389 enrte
854 3342 926 3389 mee
950 3321 1120 3389 indentnte
1148 3322 1295 3409 sigillum
1322 3344 1432 3389 meum
1460 3320 1604 3409 appoeui

236 3454 313 3523 Hiie
323 3456 460 3524 teetibue
474 3456 498 3525 J
498 3479 641 3525 omum
653 3456 700 3525 st.
714 3456 737 3527 J
738 3480 810 3526 ouu
824 3458 929 3527 milite
950 3456 1080 3527 Tuom
1090 3460 1287 3529 Murem
1297 3460 1420 3527 seniore
1440 3457 1464 3526 J
1464 3480 1608 3525 omnum

235 3592 267 3660 le
280 3592 372 3661 Em
405 3591 602 3662 Wrnunuuo
616 3594 789 3663 Funurun
819 3594 948 3663 Tuom
962 3596 1295 3687 Nnennaermigerie
1308 3602 1342 3665 et
1355 3596 1437 3663 aliie
1482 3594 1608 3663 Datum

235 3732 339 3819 primo
368 3732 421 3799 die
452 3731 578 3820 Aprilis
606 3754 694 3799 auno
720 3732 815 3821 regni
844 3732 947 3822 Regis
976 3732 1132 3802 neem
1163 3738 1255 3803 eexto
1290 3738 1364 3821 poet
1398 3737 1610 3819 nonqueetum

237 3866 521 3958 Anglieeeptimo.
570 3868 702 3958 [1429]

281 4036 482 4105 Poeeeeeione
497 4038 574 4105 inde
589 4036 767 4106 deliberate
780 4038 907 4128 prefato
922 4036 1049 4106 Tuon
1060 4038 1208 4107 Lrnurr
1218 4040 1255 4106 in
1264 4038 1395 4127 proprie
1404 4058 1540 4125 pareone
1551 4060 1612 4105 ma

237 4178 304 4243 tum
329 4176 461 4241 nomine
487 4198 545 4242 euo
570 4198 670 4263 quum
694 4175 880 4243 nominibim
900 4180 1084 4244 nostrornm
1106 4176 1288 4245 cardinalia
1308 4180 1342 4243 et
1362 4174 1531 4242 Momm
1553 4197 1614 4262 per

237 4312 418 4400 predietum
444 4310 654 4380 Enweunuu
680 4312 870 4403 inproprie
894 4336 1031 4402 perenne
1054 4336 1114 4381 ene
1139 4336 1176 4381 οο
1200 4335 1261 4380 noe
1283 4312 1404 4402 prefati
1428 4310 1614 4379 Oardinalie

240 4446 392 4519 Menneu
407 4455 441 4518 et
453 4448 599 4519 Tuom
612 4450 761 4519 dedimus
774 4450 956 4518 οἰηίοἰηιιο
969 4450 1177 4517 liberavimus
1198 4456 1232 4519 et
1252 4474 1312 4540 per
1332 4454 1453 4518 eartam
1467 4453 1611 4517 nostram

239 4586 443 4657 indentetem
457 4560 716 4658 eouiirmevimue
729 4588 865 4677 preietie
876 4588 1055 4655 Enwanno
1072 4587 1277 4657 Sanannrue
1291 4588 1391 4656 militi
1405 4586 1612 4655 ationem
