4009 5434
396 593 440 660 46

395 907 513 976 Soiatis
534 910 622 996 quod
637 911 679 978 de
694 911 804 1000 gruoie
817 913 919 978 nostri
933 912 1063 1001 speuiali
1078 913 1226 981 dedimus
1240 917 1275 980 et
1287 914 1498 982 oonoessimus
1511 915 1727 1005 burgensibus

351 1046 471 1112 nostris
492 1046 570 1113 ville
590 1053 699 1115 nostre
721 1049 762 1116 de
783 1048 933 1116 Karene
958 1071 1069 1116 omnes
1089 1049 1254 1118 libertates
1274 1049 1467 1139 subsoriptas
1487 1051 1726 1140 imperpetuum

352 1181 502 1251 videlieet
515 1185 603 1270 quod
617 1186 680 1272 ipsi
694 1190 728 1253 et
746 1186 879 1254 heredes
898 1187 949 1253 sui
970 1187 1073 1274 quieti
1094 1193 1128 1254 et
1148 1186 1242 1254 liberi
1263 1187 1330 1254 sint
1350 1189 1391 1254 de
1412 1187 1555 1257 thelonio
1576 1191 1726 1278 mursgio

350 1320 507 1409 poutagio
526 1322 665 1408 pavagio
687 1326 720 1390 et
742 1323 882 1411 terragio
897 1323 1039 1411 kayogio
1054 1328 1087 1390 et
1101 1323 1228 1413 pioagio
1242 1331 1276 1392 et
1290 1323 1363 1390 eliis
1376 1325 1509 1392 diversb
1523 1326 1677 1392 austumis
1691 1332 1725 1393 et

351 1458 637 1524 eonsuetudinibus
662 1482 721 1547 per
745 1465 851 1528 totum
877 1461 1058 1528 dominium
1082 1465 1229 1529 nosbum
1253 1466 1322 1529 tam
1347 1462 1383 1530 in
1406 1463 1547 1530 Ausum
1569 1485 1668 1551 quam
1687 1464 1724 1530 in

351 1594 511 1665 Wusrs.
1322 1661 1327 1670 .

394 1745 441 1823 Et
461 1749 549 1835 quod
571 1747 633 1836 ipsi
655 1748 774 1838 eligere
794 1747 934 1816 debeant
955 1749 1125 1815 annuatim
1145 1747 1281 1816 ballivos
1303 1753 1428 1815 nostros
1449 1750 1490 1816 de
1510 1748 1725 1838 burgensibus

349 1886 467 1953 nostris
482 1886 630 1974 ejusdem
644 1887 721 1952 ville
736 1886 884 1953 videlieet
898 1890 964 1953 tres
977 1886 1155 1974 prepositos
1169 1888 1209 1953 de
1227 1885 1344 1972 quibus
1365 1887 1538 1953 vioeoomes
1560 1887 1723 1955 (insunu-

250 2043 256 2058 ·
350 2045 476 2092 esame
514 2047 572 2091 seu
608 2023 862 2092 oonstabularius
891 2024 985 2090 uestri
1014 2023 1117 2090 nostri
1146 2025 1187 2091 de
1215 2021 1366 2090 Ksurse
1395 2046 1499 2089 unum
1523 2023 1656 2111 resipiat
1680 2024 1723 2092 ad

348 2161 551 2228 voluntatem
573 2185 665 2228 suem
688 2163 769 2229 duos
789 2161 926 2229 ballivos
947 2183 988 2227 ex
1008 2159 1125 2246 quibus
1139 2161 1317 2248 prepositus
1332 2161 1464 2248 recipiet
1477 2182 1581 2228 unum
1595 2164 1630 2227 et
1643 2162 1725 2228 duos

349 2302 520 2365 testatores
535 2299 665 2366 oervisie
681 2298 737 2385 qui
751 2298 871 2366 debent
884 2299 983 2386 reeipi
998 2304 1031 2365 et
1044 2299 1148 2386 jurari
1169 2298 1205 2364 in
1226 2299 1356 2365 oestello
1378 2303 1487 2366 nostru
1510 2300 1550 2365 de
1571 2297 1720 2365 Kusrno

347 2457 456 2503 eoram
485 2437 670 2503 vieeoomite
699 2459 756 2503 seu
785 2434 1021 2502 oonstabulurio
1050 2434 1194 2522 ejusdem
1222 2436 1318 2502 oastri
1346 2436 1389 2502 ad
1417 2436 1500 2503 bene
1526 2438 1560 2503 et
1583 2435 1723 2503 fideliter

347 2572 532 2640 faoieudum
556 2596 756 2660 quecumque
777 2575 821 2640 ed
842 2575 946 2640 offieia
965 2597 1024 2640 sue
1042 2574 1215 2661 pertinent.
1262 2572 1309 2639 Et
1326 2573 1414 2659 quod
1432 2573 1521 2639 idem
1542 2574 1723 2660 prepositus

348 2711 474 2778 onerari
503 2711 623 2779 debent
652 2711 687 2778 in
717 2715 864 2798 oompoto
893 2733 950 2776 suo
979 2712 1021 2777 de
1049 2709 1190 2777 exitibus
1217 2709 1349 2777 ballivis
1379 2733 1499 2776 eorum.
1545 2710 1592 2776 Et
1620 2710 1722 2777 eoiam

347 2847 511 2935 predietus
530 2849 710 2936 prepositus
732 2853 764 2915 et
785 2847 925 2914 ballivus
946 2848 1003 2933 qui
1024 2869 1083 2934 pro
1104 2852 1249 2934 tempore
1269 2847 1393 2914 fuerint
1414 2871 1473 2936 pro
1495 2847 1636 2915 servioiis
1655 2848 1723 2914 suis

347 2987 388 3052 de
402 2985 533 3052 redditu
547 2986 645 3052 unius
658 2985 812 3074 burgagii
827 2984 893 3050 sint
908 2983 1045 3070 quilibet
1059 3007 1169 3050 eorum
1183 2985 1313 3072 quietus
1326 3008 1385 3074 per
1399 3009 1532 3052 annum.

392 3147 613 3214 Ooneessimus
628 3147 729 3214 seiam
749 3148 901 3234 prediotis
921 3146 1136 3235 burgensibus
1158 3147 1275 3214 nostris
1297 3149 1384 3234 quod
1405 3150 1446 3215 de
1468 3146 1618 3214 omnibus
1639 3169 1723 3213 mer-

348 3283 509 3352 ehandisis
531 3289 599 3350 tam
619 3309 677 3372 per
692 3290 811 3350 terram
827 3307 925 3371 quam
938 3308 996 3372 per
1010 3308 1128 3371 aquam
1143 3286 1185 3351 ad
1199 3285 1376 3373 predietnm
1390 3285 1503 3350 villam
1517 3283 1724 3351 venientibus

347 3443 405 3488 seu
426 3420 668 3487 transeuntibus
691 3421 923 3488 demonstrsoio
942 3421 1048 3508 primo
1062 3423 1119 3488 fiet
1133 3420 1368 3490 oonstabnlario
1382 3425 1493 3488 nostro
1507 3420 1651 3508 predioto
1666 3443 1723 3487 seu

347 3558 509 3647 preposito
532 3558 608 3623 ville
630 3558 818 3643 priusquam
840 3557 964 3643 aliquid
984 3559 1062 3625 inde
1077 3560 1118 3625 sit
1133 3561 1303 3627 venditum
1316 3582 1374 3626 seu
1387 3563 1549 3626 remotum
1564 3556 1624 3624 sub
1637 3579 1724 3644 pena

348 3718 413 3782 qua
435 3696 536 3762 deoet.

392 3843 440 3910 Et
462 3846 548 3930 quod
570 3844 681 3909 nullus
703 3845 744 3910 de
765 3841 980 3931 burgensibus
1001 3845 1119 3911 nostris
1144 3847 1216 3933 oapi
1239 3869 1298 3912 neo
1319 3846 1525 3934 imprisoneri
1550 3845 1665 3913 debeat
1687 3846 1723 3912 in

312 3951 313 3954 Ἴ
347 3984 450 4048 oestro
468 3985 577 4046 nostro
597 3981 740 4068 predioto
762 4002 821 4066 pro
843 3979 1004 4066 aliquibus
1026 4005 1080 4047 eos
1100 3981 1310 4069 tangentibus
1332 3983 1412 4050 dum
1435 3983 1722 4070 monuoepoionem

347 4141 405 4185 seu
431 4119 632 4206 plegisgium
655 4123 747 4184 extra
768 4123 901 4205 pontem
923 4118 1019 4184 eastri
1040 4118 1175 4203 prodisti
1197 4141 1254 4183 seu
1275 4124 1402 4205 portem
1424 4123 1555 4205 possent
1575 4120 1722 4187 invenire

346 4255 412 4322 nisi
425 4255 461 4321 in
476 4278 552 4320 oasu
566 4255 684 4320 felonia
698 4277 771 4321 eum
785 4279 886 4323 mauu
901 4278 994 4342 opere
1008 4260 1139 4321 tantum
1154 4256 1240 4342 eapti
1254 4255 1378 4323 hrerint
1399 4281 1457 4324 seu
1478 4280 1537 4345 pm
1560 4257 1724 4345 aliquibus

346 4413 406 4458 nos
421 4395 478 4457 sut
494 4390 632 4456 familias
646 4396 771 4459 nostras
786 4392 965 4479 specialiter
977 4393 1196 4479 tangentibus.
1242 4393 1289 4459 Et
1304 4395 1345 4460 de
1360 4395 1510 4461 omnibus
1523 4394 1620 4462 rebus
1633 4395 1723 4463 intra

346 4526 530 4594 libertatem
542 4527 618 4593 ville
629 4533 736 4594 nostre
750 4528 892 4615 predicte
903 4529 995 4596 fantis
1006 4529 1148 4616 prefatos
1162 4529 1338 4618 burgenses
1353 4537 1541 4598 tenemento
1555 4537 1590 4599 et
1604 4533 1723 4602 estella
