4009 5434
377 34 444 103 866

332 345 421 434 qued
439 345 621 434 prediemm
640 344 832 416 Jmmmr
852 345 1079 416 murrum
1100 346 1182 418 obiit
1202 359 1325 418 mnr⁰
1348 349 1402 418 die
1422 348 1593 439 Februarii
1618 373 1710 424 auno

331 483 427 572 regni
457 483 543 551 diete
573 483 704 552 domine
735 483 865 572 Regino
895 495 1036 554 mu¹²⁰
1070 489 1105 554 et
1132 486 1220 573 quod
1253 485 1387 574 quidam
1419 485 1710 560 Omumrmus

331 619 559 688 Tuaamrm
582 624 633 688 est
656 620 743 688 fliius
765 625 800 689 et
823 621 916 690 heres
938 621 1107 710 proximus
1130 620 1267 710 prediatu'
1290 623 1443 692 Jmnmr
1464 628 1499 693 et
1523 625 1612 712 quod
1635 624 1709 712 ipse

330 755 1707 850 prefatusOmsrernarustemperemortispstrismipredietifuitetatis

329 895 450 984 viginti
474 899 509 964 et
533 917 590 964 sex
614 918 774 964 annorum
799 901 833 964 et
856 896 1004 984 amplius
1064 895 1113 965 Et
1135 897 1296 985 juratores
1319 897 1456 986 predicti
1480 897 1594 966 dieunt
1618 899 1709 986 quod

330 1033 465 1121 quidam
478 1029 696 1103 Wruuaurrus
709 1031 883 1101 Hanaanr
897 1034 1086 1102 duodeeimo
1100 1034 1153 1104 die
1165 1007 1256 1124 Julij*
1269 1057 1355 1102 anno
1368 1033 1463 1124 regui
1476 1035 1562 1103 diete
1574 1034 1707 1104 domine

331 1169 461 1259 Regiae
473 1171 645 1240 undatimo
658 1173 737 1239 tune
754 1170 895 1260 armiger
911 1173 946 1239 et
962 1171 1059 1238 modo
1080 1170 1173 1238 miles
1189 1169 1256 1238 tuit
1272 1170 1399 1238 saisitus
1414 1171 1451 1238 iu
1469 1170 1629 1238 dominieo
1646 1191 1708 1238 sue

329 1311 369 1377 ut
387 1307 429 1376 de
447 1307 544 1376 feodo
561 1308 603 1376 de
621 1311 656 1376 et
673 1306 794 1376 inune
810 1307 950 1397 grangia
966 1307 1033 1376 sive
1051 1279 1457 1376 flrmavoeatulessuaaa
1471 1306 1600 1396 jaeente
1616 1307 1706 1394 apud

328 1443 451 1514 Sum
470 1445 507 1512 in
528 1445 685 1514 eomitatu
705 1445 849 1534 prediete
870 1469 908 1514 aa
929 1447 970 1513 de
992 1451 1026 1515 et
1046 1445 1081 1512 in
1103 1444 1253 1514 omuibus
1274 1444 1464 1533 memuagiis
1485 1445 1580 1512 terris
1603 1444 1706 1532 pratis

328 1582 456 1672 pascuis
475 1581 616 1671 pasturis
634 1582 815 1652 reddifflrus
836 1581 1071 1651 marcionibus
1092 1587 1126 1650 et
1146 1582 1287 1652 servietis
1308 1583 1446 1670 aeeeptis
1471 1605 1527 1650 seu
1549 1581 1709 1670 reputetis

327 1723 367 1789 ut
382 1725 477 1809 perte
493 1743 551 1790 seu
566 1720 713 1810 partibus
731 1721 868 1810 grangis
889 1721 956 1788 sive
976 1721 1069 1788 firme
1089 1720 1226 1808 predieti
1247 1743 1322 1788 eum
1343 1719 1493 1788 ommbus
1513 1724 1547 1788 et
1566 1717 1704 1806 ungulis

330 1857 397 1926 suia
409 1857 624 1946 pertineneiis.
670 1858 738 1932 Qui
751 1858 884 1946 quidam
897 1857 1115 1927 Wmunuuue
1134 1857 1307 1925 Hunauar
1323 1857 1416 1925 miles
1430 1857 1475 1925 eie
1488 1857 1565 1924 inde
1580 1855 1706 1924 saisitus

329 1994 470 2064 existens
483 2018 541 2084 per
554 1995 699 2064 ehartam
713 2018 806 2064 suem
823 1995 1028 2064 indentetam
1041 1998 1207 2084 gerentem
1226 1995 1341 2066 datum
1358 1993 1501 2083 predicte
1516 1992 1705 2061 duodeeimo

330 2131 385 2201 die
408 2130 494 2222 Julij
521 2156 607 2201 anno
632 2133 727 2222 regni
754 2134 840 2201 dieta
868 2132 1000 2202 domiue
1028 2131 1157 2222 Regina
1182 2131 1355 2200 undecimo
1380 2131 1471 2199 dedit
1482 2131 1649 2220 ,eonoeseit
1671 2135 1706 2199 et

331 2269 533 2337 confirmavit
545 2269 689 2358 prediete
707 2267 731 2337 J
733 2291 866 2336 nummo
888 2267 1115 2336 Tuuaanvm.
1135 2275 1169 2337 et
1188 2269 1320 2338 Orcum
1334 2268 1429 2337 uxori
1443 2267 1515 2357 ejus
1528 2269 1707 2357 predictam

331 2405 504 2496 grangiam
525 2406 592 2474 sive
612 2407 741 2474 firmam
761 2407 802 2474 de
823 2405 944 2474 Suana
964 2430 1002 2475 aa
1021 2405 1131 2475 omnia
1150 2406 1332 2495 messuagie
1353 2409 1455 2474 terras
1476 2410 1571 2494 prate
1589 2429 1709 2494 pasena

330 2549 478 2632 pasturas
497 2544 643 2612 redditus
663 2544 861 2613 reversiones
881 2549 915 2613 et
936 2545 1070 2614 servicia
1089 2545 1235 2635 predieta
1256 2568 1330 2613 eum
1349 2544 1500 2613 omnibus
1516 2550 1550 2612 et
1569 2543 1706 2632 singulis

330 2679 399 2750 suis
424 2679 639 2769 pertinenciis.
695 2680 897 2750 Habonium
922 2687 956 2750 et
979 2684 1158 2750 tenendum
1186 2682 1359 2772 grangiam
1388 2682 1455 2750 sive
1482 2683 1611 2750 firmam
1634 2703 1707 2770 pre-

330 2815 451 2884 dictam
475 2839 514 2886 ae
540 2821 645 2886 uetera
673 2818 827 2906 premissa
855 2818 965 2886 omnia
993 2841 1068 2886 eum
1096 2817 1302 2906 partinenaiis
1329 2818 1456 2907 pretato
1483 2817 1642 2886 Juuumo
1670 2821 1706 2886 et

332 2951 465 3022 Oreum
490 2959 524 3024 at
550 2954 722 3024 heredibus
750 2957 792 3023 de
819 2978 931 3024 eorum
956 2954 1141 3044 eorporibm
1164 2955 1251 3024 inter
1273 2941 1327 3024 eoe
1351 2955 1512 3045 legittime
1534 2953 1707 3045 procreatis

332 3113 390 3160 reu
402 3091 606 3180 praesumis
624 3091 863 3181 imperpetuum
881 3092 1083 3162 remanentia
1099 3092 1177 3160 inde
1192 3115 1252 3180 pro
1270 3092 1400 3162 defeetr
1418 3093 1535 3160 talium
1551 3093 1708 3160 heredum

331 3228 427 3297 raetis
459 3228 631 3298 heredibus
668 3229 805 3318 predicti
840 3228 864 3298 J
865 3252 992 3297 uremur
1028 3230 1266 3319 imperpetuum
1307 3191 1442 3299 virtute
1463 3231 1557 3319 eujus
1601 3229 1707 3298 eidem

331 3363 510 3434 ammes
535 3371 570 3436 et
594 3366 728 3437 cmm
751 3369 887 3439 neunt
913 3369 991 3438 uae
1020 3369 1120 3438 esee
1144 3370 1180 3437 u
1205 3369 1366 3438 somine
1395 3392 1453 3438 suo
1481 3373 1520 3438 ue
1544 3337 1586 3439 e'e
1609 3369 1705 3438 aeuo

323 3503 459 3574 ‚sumto
481 3505 662 3573 remanenti
685 3505 762 3575 inde
784 3512 823 3575 ut
844 3506 1007 3595 prefertur
1029 3505 1202 3578 existentes
1223 3512 1257 3576 et
1274 3506 1460 3576 habuerunt
1477 3508 1602 3577 exitum
1620 3507 1707 3576 inter

332 3662 387 3709 eos
409 3641 592 3729 prouisum
617 3641 915 3711 ernnauu
936 3642 1164 3712 Tuasuavruu
1185 3649 1219 3713 et
1243 3645 1288 3713 sie
1311 3643 1389 3712 inde
1412 3643 1512 3714 seisiti
1534 3644 1706 3712 existentes

331 3776 495 3864 prediatus
526 3776 706 3846 Jnnrrruus
738 3778 968 3848 'Tuaasavrrn
1001 3779 1083 3849 obiit
1116 3781 1193 3850 inde
1227 3781 1353 3850 seisitm
1386 3787 1418 3850 et
1449 3783 1536 3869 quod
1563 3779 1708 3869 prediete

332 3911 467 3981 (trema
487 3913 524 3982 in
545 3915 643 4002 plana
661 3916 730 3984 vita
751 3917 862 3987 existit
882 3923 917 3986 et
937 3922 1028 3986 tenet
1048 3919 1221 4008 grangiam
1238 3918 1305 3986 sive
1326 3920 1454 3987 firmam
1470 3919 1648 4008 predietum
1668 3942 1708 3988 ae
