4009 5434
883 1019 1035 1091 000οῩ.

337 1182 594 1255 APPROVAL
628 1183 696 1252 BY
731 1182 832 1252 m
868 1180 1093 1251 OHAPTER
1127 1181 1188 1251 OF
1223 1180 1484 1252 ImANDAFF
1519 1180 1581 1251 OF

565 1320 666 1389 THE
695 1318 907 1390 BISHOR’S
935 1318 1089 1389 mesu
1119 1318 1181 1388 OF
1209 1318 1353 1389 NAsH.

820 1480 959 1573 [cm
979 1480 1097 1573 MSS]

1314 1610 1335 1675 6
1357 1608 1458 1677 Juuu.
1505 1609 1601 1675 1499.

315 1758 489 1829 Universie
501 1762 611 1827 sancte
622 1758 738 1827 motis
750 1757 880 1826 ecclesie
893 1757 969 1825 tiliis
982 1758 1026 1825 ud
1045 1778 1183 1845 quorum
1201 1756 1355 1825 noticiam
1372 1761 1536 1845 presentes
1552 1758 1647 1827 litere
1755 1822 1759 1831 .

270 1896 479 1987 pervenerint
505 1894 747 1965 archidiaconus
771 1898 806 1963 et
827 1892 1007 1983 capitulum
1033 1894 1162 1963 eoolede
1187 1894 1378 1963 cathedralis
1403 1892 1646 1963 Lmensvsusrs

271 2034 411 2103 sulumm
423 2034 460 2101 in
474 2054 512 2101 eo
526 2030 584 2121 qni
597 2036 647 2101 est
660 2032 806 2100 omnium
818 2054 896 2100 veru
913 2031 1009 2099 salus
1049 2030 1216 2099 Noveritis
1229 2052 1289 2098 nos
1302 2030 1477 2119 inspexisse
1492 2031 1646 2119 scriptum

269 2170 440 2241 merendi
452 2170 490 2238 in
507 2168 636 2238 Christo
653 2168 755 2257 petris
774 2174 809 2238 et
826 2168 951 2237 domini
970 2168 1095 2237 domini
1114 2168 1138 2237 J
1139 2188 1291 2235 omnum
1309 2167 1516 2255 permissione
1534 2168 1647 2237 divina

272 2306 517 2375 Lssusvsusrs
531 2306 671 2396 episcopi
683 2306 720 2374 in
733 2307 793 2375 hec
805 2305 914 2374 verba

315 2450 501 2520 Josnsuns
524 2450 733 2537 permissione
756 2448 870 2517 divina
897 2448 1064 2537 episcopus
1088 2446 1331 2516 Lnunsvnnsm
1353 2447 1511 2517 universis
1538 2410 1647 2517 sancte

272 2587 387 2655 matris
409 2586 538 2655 ecclesie
556 2585 634 2655 filiis
651 2587 695 2654 ud
713 2588 801 2675 quod
819 2608 949 2674 presens
968 2586 1123 2674 scriptum
1140 2590 1288 2653 nostrum
1306 2586 1488 2673 pervenerst
1509 2584 1646 2655 sulutem

272 2722 417 2811 greciam
437 2728 471 2790 ot
487 2722 753 2792 benedictionem.
797 2720 913 2791 Sciatis
933 2744 993 2791 nos
1014 2722 1201 2790 concessisse
1220 2726 1254 2790 et
1275 2723 1319 2790 ud
1341 2722 1468 2789 flrmm
1489 2720 1646 2793 dimisisse

272 2860 391 2928 diiecto
404 2858 499 2927 nobis
511 2860 548 2927 in
558 2858 687 2928 Christo
700 2858 857 2927 Howsro
871 2857 991 2926 Ocnus
1006 2838 1188 2927 manerium
1201 2860 1242 2927 de
1256 2859 1378 2927 Psnva
1392 2858 1553 2927 Fnsxruo
1567 2861 1647 2928 elias

274 2994 414 3064 Lurm
426 2996 546 3064 ansn
560 3018 635 3065 cum
652 2995 801 3064 omnibus
818 2995 913 3063 terris
933 2999 968 3063 ot
987 2995 1181 3063 tenementis
1200 2994 1380 3064 redditibus
1400 2998 1502 3085 pratis
1521 2998 1647 3085 pascuis

272 3133 414 3221 pasturis
425 3132 529 3201 boscis
542 3137 577 3201 et
589 3134 689 3201 vcsfis
702 3156 777 3202 oum
790 3130 940 3201 omnibus
953 3132 1027 3200 aliis
1040 3132 1320 3201 commoditatibus
1333 3136 1367 3201 et
1379 3133 1529 3221 predonis
1542 3134 1647 3201 eidem

273 3271 419 3338 manerio
438 3268 656 3357 spectantibus
674 3274 708 3338 et
725 3267 961 3357 pertinentibus
981 3270 1148 3337 universis.
1193 3268 1394 3337 Hubendum
1415 3273 1449 3337 et
1469 3268 1648 3337 tenendum

273 3407 456 3475 manerium
476 3407 658 3496 predictum
679 3429 754 3475 oum
778 3405 928 3474 omnibus
952 3406 1048 3475 terris
1072 3411 1106 3475 et
1129 3406 1322 3475 tenementis
1345 3406 1525 3475 redditione
1547 3377 1648 3494 pratis

275 3544 401 3631 pascuis
413 3544 554 3631 pasturis
565 3542 669 3613 boscis
682 3548 716 3612 et
729 3542 829 3613 vastis
847 3567 921 3612 cum
937 3542 1086 3613 omnibus
1100 3544 1173 3611 eliis
1186 3544 1439 3613 commoditabus
1452 3548 1486 3612 et
1498 3544 1648 3634 producis

273 3682 382 3750 eidem
395 3682 539 3749 monerio
552 3680 770 3770 spectantibus
783 3680 927 3770 predicto
937 3680 1096 3747 Howsno
1108 3680 1280 3749 heredibus
1294 3684 1327 3748 et
1341 3681 1512 3769 assignatis
1525 3682 1591 3749 suis
1604 3682 1648 3749 nd

274 3819 452 3886 terminum
489 3818 671 3909 nonaginta
706 3840 866 3887 annorum
901 3817 1047 3906 proxime
1083 3818 1289 3907 sequencium
1323 3822 1397 3906 post
1429 3820 1544 3885 dutum
1575 3840 1646 3905 pro-

276 3957 427 4024 mum
470 3928 652 4025 ’10000100
669 3956 747 4025 nce
766 3956 937 4024 murum
954 3955 1049 4024 noue
1069 3962 1103 4023 ec
1124 3955 1352 4025 emenus
1372 3956 1490 4023 noue
1510 3931 1648 4045 irgine

277 4094 395 4163 solidos
415 4094 531 4185 legalis
554 4099 684 4165 moneto
708 4093 876 4163 solvendos
898 4095 941 4161 ad
959 4093 1081 4161 festum
1099 4094 1296 4161 Mrcnsnnrs
1315 4092 1500 4183 archangeli
1517 4096 1648 4161 tantum

275 4254 337 4320 pro
361 4230 510 4300 omnibus
537 4232 610 4300 aliis
638 4232 779 4301 serviciis
806 4229 1028 4301 exaccionibns
1050 4235 1085 4299 et
1107 4232 1275 4301 demendis
1297 4235 1430 4319 excepte
1451 4235 1537 4299 secta
1561 4232 1648 4299 curie

275 4374 385 4437 nostre
398 4369 528 4439 ibidem.
572 4370 621 4438 Et
640 4394 701 4439 nos
721 4391 796 4438 vero
814 4369 838 4438 J
838 4390 999 4437 ossuum
1018 4368 1183 4456 episcopus
1202 4368 1383 4437 antedictum
1404 4372 1438 4436 et
1458 4391 1648 4437 successores

274 4506 379 4575 nostri
399 4508 581 4595 predic‘mm
602 4508 785 4577 mmor-ium
807 4530 881 4575 oum
906 4504 1057 4574 omnibus
1079 4506 1172 4573 terris
1196 4509 1230 4573 ot
1254 4506 1446 4573 tenementis
1467 4504 1647 4573 redditibus

275 4642 379 4731 pratis
389 4643 517 4732 pascuis
529 4645 670 4734 psstmis
681 4644 785 4715 boscis
796 4649 832 4713 et
844 4644 944 4712 vastis
962 4667 1037 4712 cum
1055 4641 1204 4713 omnibus
1222 4642 1295 4710 eliis
1316 4639 1595 4710 commoditatibus
1613 4644 1647 4708 et
