4009 5434
1545 576 1590 642 27

254 887 389 956 domino.
440 886 611 955 Noreritis
629 907 690 954 nos
709 884 879 954 tredidisse
897 885 1084 953 cosm
1100 889 1134 954 et
1153 884 1214 954 hcc
1231 885 1374 974 presenti
1391 887 1510 976 scripto
1522 893 1633 958 nostm

254 1025 460 1092 conflrmssse
481 1023 610 1090 Tuosrn
629 1021 791 1091 wrm
813 1026 920 1090 totum
934 1021 1115 1090 manerium
1129 1029 1277 1091 nostrum
1296 1025 1338 1091 de
1358 1023 1634 1094 mammon

253 1185 322 1231 cnm
334 1163 411 1230 suis
429 1161 638 1250 pertinenciis
656 1160 692 1228 in
711 1159 891 1228 redditibus
909 1160 1051 1228 serviciis
1071 1161 1357 1230 consuetudinibus
1373 1164 1475 1250 protis
1492 1166 1633 1254 porturis

252 1298 350 1369 boscis
367 1305 407 1368 et
420 1299 521 1366 vestis
534 1299 620 1366 dicto
639 1297 782 1366 monerio
799 1296 1044 1385 pertinentibus
1090 1295 1283 1366 Tenendum
1304 1299 1366 1368 eibi
1387 1299 1559 1370 heredibus
1579 1301 1633 1371 rel

253 1436 480 1506 mentonem
509 1435 575 1504 suis
603 1459 624 1503 e
652 1436 735 1504 isstc
761 1434 872 1504 Suncti
901 1435 1098 1504 monemus
1123 1459 1209 1504 enno
1233 1437 1329 1526 regni
1354 1435 1458 1527 Regis
1483 1437 1632 1506 Bressos

252 1575 389 1644 mundi
418 1581 492 1662 post
521 1577 731 1660 conquestum
755 1575 867 1642 octove
892 1595 993 1661 usque
1020 1573 1064 1640 cd
1087 1573 1186 1640 tinem
1214 1574 1347 1642 termini
1375 1581 1448 1642 octo
1472 1599 1632 1645 snnornm

252 1713 403 1800 proximo
434 1711 637 1798 sequentium
666 1710 809 1798 plensrie
834 1711 1106 1799 complendorum.
1152 1711 1334 1779 Reddendo
1358 1713 1436 1780 inde
1461 1715 1632 1782 ennuotim

251 1849 418 1937 prediatus
440 1847 583 1914 'incuss
604 1847 737 1916 heredes
758 1849 809 1916 vel
831 1853 1015 1917 executores
1035 1851 1087 1917 scri
1107 1848 1200 1918 uobis
1220 1850 1355 1937 preietie
1375 1848 1578 1918 Lsunnucro
1597 1856 1633 1920 et

251 1985 429 2054 Eumne
449 1983 620 2052 heredibus
641 1985 813 2076 assignetis
828 1986 878 2053 vel
901 1985 1124 2054 executoribus
1140 1987 1258 2054 nostris
1277 1988 1446 2056 tresdecim
1459 1987 1560 2056 libres
1573 2012 1631 2057 sex

252 2125 371 2191 solidos
399 2127 434 2190 et
469 2127 539 2190 octo
571 2121 719 2190 dencrics
755 2121 876 2189 nsuelis
912 2126 1041 2189 monete
1077 2123 1120 2189 sd
1155 2125 1238 2192 feste
1277 2123 1488 2194 Pentecosten
1524 2129 1629 2196 suncti

252 2259 452 2328 Mnmns
466 2263 499 2326 et
513 2259 631 2326 nctciis
646 2257 780 2326 Domini
794 2281 853 2346 per
866 2259 996 2345 equsles
1010 2260 1176 2348 porciones
1189 2261 1338 2330 videlicet
1353 2262 1403 2351 iiij
1424 2263 1448 2330 l.
1464 2263 1521 2352 viij
1536 2265 1627 2331 solid

252 2405 286 2466 et
302 2422 326 2466 x
340 2399 372 2465 d.
390 2397 441 2464 ob.
458 2397 500 2464 ed
523 2394 700 2483 quemlibet
720 2395 932 2464 terminorum
954 2397 1169 2483 predictorum
1191 2402 1225 2464 et
1246 2399 1408 2486 predictus
1429 2399 1573 2467 uncum
1595 2405 1629 2468 et

254 2534 386 2604 heredes
410 2535 461 2603 sui
485 2535 538 2602 vel
559 2537 742 2602 executores
765 2534 890 2602 solvent
911 2535 1082 2602 snnustim
1109 2533 1238 2602 ballivis
1263 2537 1434 2604 comitatos
1467 2535 1629 2604 (innuos-

255 2695 360 2741 esum
383 2695 443 2762 prc
459 2673 602 2743 werdcm
621 2673 716 2740 cestri
736 2673 777 2741 de
798 2671 961 2741 Ksnmrr
982 2696 1042 2763 pro
1060 2673 1148 2742 dicto
1168 2675 1313 2742 manerio
1334 2681 1456 2763 septem
1479 2675 1574 2743 solidi
1595 2681 1630 2745 et

254 2811 332 2880 dnos
356 2811 514 2879 denarios
560 2811 648 2880 Item
672 2811 799 2879 solvent
823 2809 952 2879 bellicis
976 2812 1018 2879 de
1044 2811 1297 2879 Lsnsnrrnmn
1326 2815 1407 2880 duos
1431 2812 1550 2881 solidos
1574 2813 1628 2880 vel

254 2970 357 3015 unum
370 2949 590 3036 espernsrium
610 2953 643 3016 et
657 2947 737 3016 dicti
749 2945 972 3016 Incursurus
993 2952 1028 3014 et
1048 2947 1223 3014 Eurmnsr
1244 2948 1367 3015 dictum
1388 2949 1569 3016 manerium
1590 2948 1627 3016 in

254 3089 440 3173 coopertum
468 3085 665 3174 reparabunt
693 3089 727 3152 et
751 3088 922 3174 postqnum
952 3084 994 3151 sit
1023 3090 1242 3174 competenter
1265 3089 1450 3174 rspnrstum
1475 3086 1628 3174 predictis

255 3221 396 3290 Tucuss
432 3227 465 3290 et
493 3224 626 3291 heredes
654 3223 706 3290 vel
735 3222 786 3290 sui
815 3225 998 3290 executores
1027 3223 1151 3290 dictum
1180 3224 1361 3290 manerium
1389 3223 1627 3291 mentonebunt

254 3358 480 3428 sustentabunt
499 3364 533 3427 et
551 3361 588 3427 in
608 3361 688 3428 edec
707 3357 792 3427 bono
814 3362 903 3426 stetu
922 3380 979 3425 seu
992 3359 1119 3427 meliori
1140 3359 1182 3426 de
1203 3359 1386 3448 sumptibus
1404 3361 1471 3427 suis
1489 3359 1628 3448 propriis

254 3501 284 3564 et
301 3498 459 3588 expensis
506 3496 554 3564 Et
576 3497 604 3565 si
626 3497 794 3586 continget
809 3496 897 3586 quod
918 3497 1081 3585 predictus
1101 3497 1247 3565 redditus
1260 3497 1380 3586 viginti
1401 3519 1583 3564 mersurum
1603 3519 1626 3564 e

253 3639 334 3704 retro
349 3657 417 3702 esec
438 3635 474 3703 in
496 3639 588 3724 perte
608 3633 661 3702 vel
681 3635 718 3702 in
739 3638 809 3702 tcto
830 3657 888 3723 per
909 3655 1010 3700 unum
1031 3655 1176 3701 mensem
1196 3639 1268 3722 pest
1288 3635 1429 3722 aliquem
1449 3635 1640 3703 terminum

249 3775 450 3864 assignatum
462 3775 514 3840 vel
529 3774 652 3841 dictum
663 3773 844 3842 manerium
857 3775 950 3841 extre
961 3793 1077 3840 munus
1091 3794 1165 3839 sues
1178 3770 1324 3860 proprios
1334 3770 1431 3837 elicui
1444 3771 1626 3838 truderetur

248 3911 335 4000 quod
348 3915 429 3980 tunc
442 3911 524 3978 bene
537 3911 632 3979 licent
646 3909 740 3978 nobis
753 3909 905 3998 predictis
919 3907 1122 3976 Lunensem
1136 3912 1170 3975 et
1184 3907 1357 3976 Eurzssnr
1377 3906 1550 3975 heredibus
1571 3906 1625 3974 vel

247 4049 420 4138 esdgnetis
434 4049 553 4117 nostris
566 4049 602 4116 in
621 4047 764 4137 predicto
778 4047 922 4116 monerio
937 4069 1012 4114 cum
1026 4045 1177 4114 omnibus
1190 4047 1257 4113 suis
1278 4044 1485 4134 pertinenciis
1502 4045 1625 4112 intrare

245 4193 278 4255 ct
291 4188 432 4256 retinere
446 4187 684 4276 imperpetuum
699 4186 769 4254 sine
783 4185 893 4272 utique
906 4183 1158 4252 contradictione
1172 4205 1293 4250 eornm.
1339 4180 1387 4248 Bt
1408 4204 1468 4248 nos
1488 4181 1624 4270 predicti

247 4321 471 4393 Lsunnucrus
500 4328 533 4392 et
561 4323 735 4392 Enrmnrrr
767 4345 850 4390 uxor
884 4343 957 4389 mes
985 4325 1093 4390 totum
1127 4321 1306 4409 predictum
1336 4319 1517 4387 manerium
1549 4340 1624 4385 cum

247 4462 398 4530 omnibns
416 4462 482 4529 suis
502 4461 709 4550 pertinenciis
729 4461 868 4530 dnrnnte
888 4459 1029 4529 termino
1049 4459 1193 4548 predicto
1213 4457 1340 4546 preieto
1362 4456 1490 4526 Tncnn
1511 4459 1623 4523 contre
