4009 5434
427 94 492 161 398

382 408 441 477 ille
454 430 518 499 que
532 409 619 477 idem
632 409 817 478 Jonnssns
829 406 928 477 hebet
941 410 983 478 de
996 409 1083 478 dono
1096 410 1314 498 prediotorum
1328 408 1489 479 Horum
1504 416 1538 481 et
1553 350 1669 480 Boin.
1709 413 1754 481 lit

382 546 441 615 ille
468 546 661 615 remiserunt
688 552 723 615 et
751 546 860 634 quiete
888 546 1109 616 olemevernnt
1137 548 1178 618 de
1206 549 1286 637 ipsis
1313 548 1482 617 Hormo
1517 554 1552 617 et
1588 550 1695 619 Runa
1721 556 1753 619 et

382 683 553 753 hesedibns
588 684 690 774 ipsius
717 682 879 753 Horum
907 684 1051 773 predicto
1079 684 1237 753 Jomm
1266 691 1301 755 et
1328 644 1501 755 heredibus
1535 686 1604 755 suis
1638 688 1752 776 imper·

381 828 527 913 potuum.
572 820 620 891 Et
643 826 788 913 puetm
813 822 913 889 iidem
939 820 1127 891 Hormus
1149 828 1184 891 et
1206 822 1312 892 Eunu
1335 830 1559 893 oonoesserunt
1582 847 1643 914 pro
1665 848 1699 893 se
1720 830 1752 893 et

382 958 554 1029 hesethtns
578 960 680 1049 ipsius
706 958 868 1027 Horum
900 960 988 1049 quod
1014 959 1078 1050 ipsi
1104 962 1379 1057 wnemntisebunt
1417 964 1560 1051 predioto
1596 963 1751 1032 Jounm

382 1094 554 1166 heredibus
578 1101 611 1165 et
636 1097 808 1187 ussigustis
832 1097 899 1165 suis
926 1097 1071 1187 prediste
1095 1098 1278 1187 mangis
1305 1120 1382 1167 oum
1409 1097 1618 1187 pertinenoiis
1645 1104 1751 1167 ooutie

382 1258 494 1305 omnes
506 1234 653 1304 homines
667 1238 701 1303 et
714 1233 953 1323 imperpetuum
967 1234 1199 1303 deiendebunt.
1246 1234 1294 1303 Et
1307 1259 1367 1324 pro
1381 1236 1442 1305 heo
1456 1240 1516 1304 ete
1539 1288 1549 1305 .
1573 1288 1582 1305 .
1606 1290 1615 1304 .

810 1497 828 1513 “
928 1484 1212 1591 'effluxum

382 1672 672 1745 ΟΟΜΜΙΒΒΙΟΝ
721 1672 781 1741 ΤΟ
829 1670 961 1741 um
1014 1671 1406 1743 Ruooemznncue
1459 1674 1515 1743 IN
1563 1674 1599 1743 A
1645 1672 1751 1743 sum

443 1814 453 1846 “
489 1810 730 1882 BETWEEN
774 1809 907 1881 JOHN
946 1808 1152 1879 MORGAN
1194 1810 1297 1879 AND
1340 1810 1557 1880 HOPKINS
1600 1810 1750 1880 DAVID

490 1947 801 2019 OONOERNING
836 1946 971 2017 ΒΑΜ)
1008 1946 1065 2016 ΙΝ
1100 1945 1341 2018 swANsuA.

972 2094 1031 2187 [e.
1048 2093 1090 2164 e.
1105 2094 1166 2186 n]

1135 2249 1177 2317 16
1198 2248 1296 2315 Seru.
1341 2250 1386 2316 24
1407 2246 1568 2316 cuz-11.
1618 2250 1708 2316 1672.

426 2398 581 2467 Oenones
602 2398 761 2466 secundus
778 2396 844 2466 Dei
865 2398 973 2487 gretie
993 2396 1111 2465 Sooom
1133 2396 1311 2465 Fumone
1331 2400 1366 2464 et
1385 2394 1568 2463 Hminem
1586 2394 1661 2463 Rex
1679 2396 1751 2464 fidei

382 2538 532 2608 defensor
546 2542 605 2603 eto.
630 2587 637 2603 .
663 2588 671 2603 .
696 2586 704 2603 .
726 2534 855 2604 Dileote
870 2541 904 2604 et
917 2535 1007 2604 fideli
1020 2540 1131 2603 noetm
1145 2534 1323 2601 Euwsuuo
1355 2532 1526 2601 Mssssun
1539 2532 1707 2601 baronetto
1719 2538 1752 2601 et

382 2672 532 2745 fidelibus
551 2674 669 2741 nostsis
689 2672 808 2741 stm
830 2671 970 2740 stsnl
1007 2670 1166 2739 Jomm
1187 2670 1368 2739 Howsunu
1401 2670 1570 2739 Hoeumo
1594 2670 1702 2739 Josns
1721 2675 1753 2739 et

385 2862 523 2880 .....
548 2811 710 2900 generosis
725 2810 873 2878 salutem.

427 2952 511 3019 Cum
535 2950 631 3018 breve
655 2954 803 3017 nostuum
829 2950 869 3016 de
894 2948 1106 3015 eonsentione
1134 2946 1275 3035 pendent
1296 2967 1404 3013 eorem
1428 2942 1616 3033 justiciariis
1640 2943 1753 3011 nostrie

383 3112 502 3177 magne
527 3087 675 3156 sessionis
698 3090 806 3154 nostre
833 3084 1003 3153 comitatus
1028 3081 1257 3151 Gusuouesu’
1272 3082 1359 3150 inter
1381 3080 1577 3149 tenemus
1603 3080 1752 3149 Monens

383 3210 572 3321 queseutem¹
585 3231 618 3292 et
633 3224 796 3293 Hessius
809 3222 928 3289 Dmu
943 3225 976 3287 et
991 3220 1147 3288 Runnsss
1163 3242 1297 3287 uxorem
1314 3219 1387 3308 ejus
1405 3219 1619 3287 deforoientes
1635 3220 1677 3286 de
1690 3240 1753 3286 nno

382 3364 563 3450 messuagio
588 3385 654 3429 uno
680 3362 818 3451 gardino
847 3364 881 3427 et
910 3380 976 3425 uno
1007 3358 1178 3446 ourtilegio
1206 3380 1280 3424 oum
1310 3358 1517 3445 pertinenoiis
1543 3358 1580 3424 in
1608 3356 1688 3425 ville
1714 3357 1753 3423 de

384 3500 550 3567 Swsusns
574 3500 610 3567 in
635 3499 791 3567 oomitetu
820 3497 962 3585 predioto
988 3497 1031 3563 ed
1059 3496 1159 3562 finem
1181 3494 1258 3561 inde
1288 3517 1396 3562 eorem
1425 3493 1613 3583 justioieriis
1640 3493 1754 3561 nostis

383 3639 534 3725 predictis
554 3638 590 3705 in
611 3638 724 3705 eedem
746 3635 882 3703 sessione
904 3634 1079 3700 levandum
1104 3631 1279 3699 seeundum
1303 3631 1412 3718 l'egem
1433 3636 1467 3697 et
1492 3630 1754 3697 musnetudinem

385 3776 479 3864 regni
500 3776 602 3844 nostri
623 3775 773 3841 Auonsu.
818 3770 865 3839 Et
886 3770 1050 3859 prediotns
1071 3768 1233 3836 Honmus
1254 3771 1289 3834 et
1310 3766 1440 3834 uum
1461 3766 1541 3833 odeo
1562 3767 1754 3853 impotentes

384 3911 529 3980 existunt
544 3913 630 4000 quod
645 3910 764 3998 ubsque
778 3908 922 3977 maximo
933 3930 1065 3975 suorum
1075 3927 1243 3993 eoi-porum
1253 3903 1394 3992 pesiosulo
1409 3924 1512 3989 usque
1526 3902 1570 3969 ed
1579 3901 1751 3969 Osuuxssu

384 4050 420 4118 in
436 4030 590 4117 eomitetu
609 4047 752 4138 predioto
772 4046 814 4115 ed
834 4046 920 4113 diem
938 4045 973 4111 in
994 4044 1085 4111 bsevi
1101 4042 1245 4132 predicto
1263 4046 1450 4109 eontentum
1469 4045 1503 4107 et
1520 4038 1752 4125 reoognioiones

1930 4725 1931 4742 i

329 4886 334 4903 3
965 4870 972 4891 Ι
