4009 5434
1540 628 1604 695 let

274 943 424 1013 alutem.
464 940 674 1031 hapexinua
686 942 851 1030 quoddam
863 940 1020 1030 aeriptum
1035 940 1243 1010 indentatum
1257 939 1381 1009 lautum
1394 940 1431 1009 in
1444 940 1504 1009 hee
1517 939 1625 1009 verba

319 1079 449 1149 Netum
461 1080 505 1149 eit
518 1077 671 1149 ommbue
682 1076 744 1148 hoe
756 1078 913 1169 euriptunr
925 1078 1043 1147 riaurie
1055 1078 1109 1146 rel
1125 1078 1286 1147 audituris
1307 1078 1395 1166 quod
1409 1076 1528 1146 Frater
1540 1076 1650 1146 Anu

276 1218 320 1287 de
337 1216 588 1285 Krnnma
611 1214 758 1306 [divina]
779 1216 991 1307 pemieeiena
1010 1214 1125 1285 Abbae
1142 1216 1184 1284 de
1197 1214 1304 1283 Nnnn
1325 1238 1457 1285 aeaenau
1475 1220 1651 1284 eonventua

277 1355 329 1422 ani
349 1354 502 1423 wuaeaait
523 1354 614 1423 dedit
635 1357 670 1422 et
683 1352 745 1424 hoe
757 1354 900 1444 presenti
913 1353 1033 1441 euripte
1046 1353 1271 1443 airegrapbato
1293 1352 1496 1422 oonflrmnvit
1517 1352 1650 1421 dominu

278 1488 454 1559 enirm
467 1489 510 1557 de
530 1489 648 1558 cum
669 1490 781 1557 eomiti
802 1489 1038 1558 Gmnenarm
1060 1495 1095 1558 et
1115 1488 1346 1557 Haunronmn
1367 1490 1477 1557 omnia
1497 1494 1599 1558 terrae
1618 1496 1652 1559 et

277 1624 833 1695 tenementaauadelaBamonn
852 1630 1034 1726 etupartem
1055 1632 1215 1695 terram
1236 1648 1368 1695 enarum
1389 1626 1430 1694 de
1451 1634 1573 1698 aeae
1593 1652 1694 1737 per·

277 1762 404 1833 bundae
417 1766 452 1831 et
464 1766 569 1832 metae
588 1762 712 1851 pones
723 1762 846 1831 ibidem
860 1762 896 1831 in
910 1763 1074 1852 presentia
1086 1763 1213 1832 eomitie
1226 1767 1260 1833 et
1273 1763 1400 1833 abbatie
1413 1787 1489 1833 eum
1501 1766 1652 1835 omuibus

277 1900 345 1967 auia
354 1899 568 1989 pertinenia
597 1898 646 1969 Et
659 1900 809 1969 similiter
822 1922 934 1969 omnes
947 1904 1050 1969 teme
1063 1900 1150 1969 inter
1162 1898 1269 1969 Nm
1283 1905 1318 1968 et
1331 1900 1440 1969 Tm
1453 1925 1512 1990 per
1525 1901 1652 1973 bundaa

277 2036 480 2126 aubaoeiptae
508 2035 670 2107 Videlicet
683 2059 742 2127 per
751 2036 931 2134 bundaade
940 2036 1048 2106 Nm
1062 2060 1163 2126 neque
1174 2036 1359 2106 Dwnnnne
1370 2045 1403 2108 et
1414 2040 1455 2107 de
1465 2038 1652 2109 Duvnnnna

277 2196 380 2263 neque
389 2173 522 2243 ΗΜ)
531 2172 699 2244 Wnnnox
712 2173 796 2243 sieut
810 2175 878 2243 alta
890 2173 945 2243 via
955 2196 991 2243 ae
1003 2174 1152 2243 extendit
1165 2198 1267 2264 neque
1281 2174 1411 2245 nunno
1424 2180 1458 2245 et
1471 2178 1513 2246 de
1523 2176 1653 2247 Rueno

277 2333 379 2400 ueque
392 2311 593 2379 Pannaaenn
604 2316 640 2381 et
652 2312 694 2380 de
708 2310 909 2381 Pmeaenn
921 2334 1025 2401 neque
1039 2312 1294 2381 Tmnrnnawn
1303 2322 1337 2383 et
1346 2315 1388 2383 de
1397 2312 1652 2384 nmmum

277 2470 380 2538 neque
392 2448 559 2518 Gnnnacn
577 2454 612 2518 et
631 2448 678 2518 eie
698 2470 797 2539 supra
816 2454 963 2519 mentam
976 2451 1018 2519 de
1031 2450 1141 2519 Tawr
1155 2472 1257 2539 nque
1270 2449 1375 2519 Lneu
1389 2456 1423 2518 et
1437 2452 1478 2520 de
1491 2452 1596 2521 Lneu
1610 2476 1652 2523 ex

277 2591 459 2655 tranavem
472 2586 594 2655 montis
607 2609 710 2675 neque
729 2586 1027 2656 Inmmnnwme
1046 2588 1129 2663 aiant
1143 2610 1177 2656 ee
1190 2586 1339 2657 extendit
1351 2588 1388 2657 in
1403 2588 1604 2657 innnnun
1618 2594 1653 2659 et

277 2724 320 2793 de
333 2722 536 2793 innanun
550 2746 653 2812 usque
666 2722 783 2793 Num
823 2723 872 2793 nt
888 2725 1022 2813 insuper
1036 2746 1149 2793 omnes
1161 2729 1263 2793 terrae
1276 2746 1350 2793 uuae
1364 2730 1398 2792 et
1410 2730 1598 2795 tenementa
1611 2727 1653 2795 de

279 2860 429 2931 Rumon
452 2882 529 2929 eum
550 2860 702 2931 omm’bua
724 2861 791 2931 auia
814 2861 1020 2951 pertinentiis
1044 2885 1104 2950 per
1124 2866 1227 2929 metae
1247 2865 1281 2929 et
1299 2861 1426 2930 bundar
1448 2863 1651 2953 subscriptae

278 2997 440 3069 Videlicet
453 2997 568 3067 aubtue
581 3003 727 3069 mentem
743 3001 785 3068 de
799 2998 994 3067 comneno
1006 3020 1108 3087 usque
1126 3000 1169 3068 ad
1189 2999 1373 3087 oppositum
1393 3000 1517 3089 uapelle
1535 3000 1654 3071 Sanete

278 3136 499 3205 bianum
513 3137 549 3205 in
563 3136 771 3227 longitudine
784 3136 899 3206 subtus
912 3136 1070 3227 eapebam
1084 3136 1168 3205 aiant
1187 3136 1294 3205 Mona
1315 3160 1349 3205 ae
1370 3138 1489 3207 dividit
1509 3139 1546 3206 iu
1567 3144 1654 3208 terra

278 3274 347 3343 uda
373 3278 407 3342 et
435 3274 519 3343 aieea
542 3278 578 3343 et
600 3274 642 3344 de
666 3276 814 3365 opposite
836 3275 959 3364 eapelle
982 3274 1126 3365 prediete
1148 3297 1192 3344 ex
1219 3280 1400 3346 bannense
1420 3276 1525 3345 Mena
1551 3300 1653 3366 neque

279 3408 476 3479 mn
486 3410 694 3481 ndreae
705 3412 956 3481 aeuum
966 3413 1188 3482 meanto
1199 3434 1409 3501 usquamne.
1432 3413 1654 3483 auderem
1725 3384 1729 3391 ’

279 3546 405 3616 Abbati
414 3552 449 3616 et
458 3546 689 3617 rumoribus
699 3549 766 3618 ruia
775 3549 919 3638 piaeariia
931 3554 966 3616 et
979 3547 1167 3639 gurgitibus
1180 3554 1214 3617 et
1227 3548 1425 3617 aisiamentie
1439 3550 1482 3617 ad
1495 3548 1655 3639 predictae

278 3685 430 3775 piauariae
450 3688 485 3753 et
505 3686 655 3775 gurgitae
675 3684 913 3776 pertinentibus
933 3686 1021 3756 inter
1040 3686 1205 3755 abbatiam
1228 3708 1320 3753 auam
1340 3690 1375 3754 et
1395 3706 1485 3753 mare
1505 3686 1653 3754 etetiam

277 3828 372 3911 perte
399 3845 459 3891 aua
486 3823 524 3891 in
551 3823 685 3913 gurgite
712 3824 755 3893 de
777 3823 1018 3892 Kinnnrnam
1042 3846 1106 3913 que
1128 3822 1260 3911 quidem
1283 3826 1470 3890 tenementa
1491 3821 1654 3911 prediatus

278 3958 379 4029 abbae
391 3960 484 4049 priua
495 3960 605 4029 unuit
617 3960 654 4029 in
668 3960 843 4031 elemoaina
856 3961 898 4030 de
911 3960 1056 4050 prediete
1066 3960 1192 4029 eomite.
1220 3958 1422 4029 Habendum
1432 3963 1465 4028 et
1476 3959 1654 4028 tenendum

278 4096 424 4187 prediolo
448 4097 560 4166 domiti
583 4096 756 4167 heredubua
778 4101 813 4167 et
833 4098 1006 4187 resignatis
1031 4098 1099 4166 ruia
1126 4098 1168 4166 de
1188 4095 1380 4187 capitalibus
1402 4096 1542 4165 dominia
1564 4095 1652 4165 feodi

278 4232 369 4301 illiue
381 4233 419 4303 in
432 4256 515 4324 pure
529 4234 711 4305 eeehambie
724 4236 762 4305 in
775 4238 978 4326 perpetuum
1010 4234 1058 4305 nt
1071 4256 1131 4326 pro
1144 4236 1206 4304 hae
1219 4228 1605 4304 eonoeedoue'donationa
1619 4236 1654 4302 et

278 4368 461 4439 aaebambio
475 4370 564 4439 idem
577 4393 684 4442 eomee
705 4373 859 4442 eonaeaeit
877 4372 969 4441 dedit
989 4377 1025 4442 et
1044 4371 1106 4442 boe
1127 4372 1269 4462 presenti
1290 4370 1408 4460 aeripto
1428 4370 1653 4460 eimgraphatu

278 4506 483 4579 confirmavit
500 4507 608 4578 eidem
629 4508 740 4580 abbati
760 4514 796 4580 et
815 4510 990 4580 eonventui
1006 4509 1043 4579 in
1063 4532 1146 4601 pure
1167 4506 1348 4578 eeebambio
1369 4512 1500 4577 eentum
1519 4506 1655 4577 libratae
