4009 5434
821 889 1082 960 oouxxvnl

341 1073 569 1144 OHARTER
597 1072 664 1142 BY
692 1071 954 1142 LAURENOE
983 1069 1143 1139 Rouuu
1171 1069 1231 1138 ΤΟ
1259 1067 1388 1139 JOHN
1417 1067 1564 1137 MODY.

814 1234 952 1325 [Cusus
973 1233 1090 1324 Mes]

1051 1421 1096 1488 24
1111 1386 1200 1489 ¹Jun:
1238 1421 1282 1488 22
1297 1419 1371 1488 Eu:
1386 1417 1458 1489 ΠΙ.
1497 1421 1592 1486 1348.

312 1585 422 1653 Suisnt
435 1589 597 1673 presentes
610 1587 644 1652 et
658 1583 762 1650 futun'
776 1585 863 1670 quod
877 1605 937 1670 ego
952 1581 1178 1650 Lsuusscms
1192 1582 1369 1650 Boseude
1383 1580 1547 1649 Ksuumr
1561 1581 1639 1649 dedi

174 1696 177 1701 Ι
273 1721 406 1788 sonssssi
430 1724 464 1788 et
488 1721 549 1788 hes
573 1719 715 1808 presenti
740 1723 829 1786 suste
848 1743 922 1787 meu
943 1719 1129 1787 senfin-mevi
1149 1718 1309 1787 Jonsum
1331 1720 1437 1786 Mons
1458 1720 1575 1787 seniori
1596 1720 1638 1787 ds

271 1856 304 1908 (¹)
318 1857 544 1924 Ouocnunou
559 1879 660 1924 unum
673 1879 780 1924 nerem
799 1856 885 1944 preti
906 1879 980 1924 eum
999 1855 1203 1945 pertinentiis
1216 1857 1374 1924 iuuentem
1387 1857 1424 1923 in
1438 1856 1639 1925 Wssruoun

270 1994 358 2064 iuxta
375 1995 537 2063 Osnunnr
557 1995 593 2060 in
614 1994 788 2061 hunnine
809 1994 896 2060 inter
915 1999 1047 2082 pratum
1067 2017 1177 2060 meum
1197 1996 1364 2084 proprium
1385 1996 1421 2061 in
1444 1999 1535 2081 purte
1556 1994 1637 2060 osei-

272 2131 391 2199 denuli
410 2135 444 2199 et
465 2135 595 2219 pratum
616 2131 762 2218 supitnl‘m
775 2130 899 2198 domini
912 2130 949 2198 in
964 2136 1056 2218 perte
1070 2131 1220 2198 orientali
1234 2136 1268 2198 et
1281 2132 1317 2198 in
1331 2130 1538 2219 longitudine
1551 2132 1639 2199 inter

269 2273 387 2337 terrum
424 2269 587 2356 quondum
621 2268 798 2336 Joususss
834 2268 875 2334 de
904 2267 937 2333 le
965 2266 1071 2332 Mons
1099 2267 1135 2334 in
1163 2273 1256 2356 purte
1284 2269 1418 2335 australi
1445 2272 1481 2336 et
1507 2273 1639 2358 pratum

271 2405 293 2474 J
293 2428 444 2474 ossuum
459 2406 609 2474 Oomnnn
623 2405 756 2474 senioris
769 2405 806 2471 in
816 2408 908 2493 perte
918 2403 1043 2471 boiiuli.
1073 2403 1275 2471 Hsbeudum
1287 2411 1320 2472 et
1329 2406 1507 2472 tenendum
1518 2407 1639 2474 dietum

269 2567 374 2612 smum
402 2545 489 2633 preti
517 2567 592 2611 eum
620 2542 769 2610 omnibus
793 2543 860 2610 suis
883 2540 1088 2630 pertiuentiis
1115 2542 1259 2628 predicto
1287 2541 1446 2610 inunum
1474 2542 1580 2609 Mons
1604 2547 1639 2610 et

269 2682 438 2750 heredibus
459 2682 526 2750 suis
547 2682 600 2749 vel
620 2682 686 2748 suis
709 2680 881 2768 assignetis
902 2681 943 2747 de
964 2702 1017 2746 me
1039 2683 1073 2746 et
1094 2679 1266 2747 heredibus
1286 2680 1367 2746 meis
1389 2679 1490 2746 libere
1511 2679 1639 2768 integre

269 2819 350 2888 bene
372 2826 405 2886 et
432 2819 468 2886 in
498 2841 575 2906 pnes
604 2817 677 2906 jure
705 2817 899 2884 hereditario
927 2817 1174 2904 imperpetuum
1220 2816 1401 2884 Reddendo
1416 2817 1506 2936 ¹iude
1534 2839 1638 2884 unnu-

269 2958 349 3025 etim
381 2957 463 3024 mihi
496 2961 529 3024 et
563 2955 733 3024 heredibus
764 2955 845 3022 meis
874 2955 1113 3042 imperpetuum
1149 2955 1230 3020 duos
1262 2953 1410 3021 denarios
1439 2955 1568 3042 urgenti
1597 2955 1639 3022 sd

270 3095 389 3162 festum
418 3092 481 3160 S’ti
508 3091 628 3160 Mish’s
655 3115 713 3181 pro
741 3091 890 3158 omnibus
916 3091 1057 3158 servioiis
1084 3095 1118 3158 et
1146 3091 1341 3158 neumatibus
1369 3092 1546 3158 demendis
1591 3091 1639 3159 Et

268 3255 332 3321 ego
356 3233 461 3298 dietus
486 3229 708 3298 [nunnucws
733 3227 854 3296 Reuss
879 3233 913 3296 et
937 3228 1071 3295 heredes
1095 3228 1160 3295 mei
1185 3229 1306 3296 distem
1326 3251 1434 3296 serum
1456 3230 1541 3316 prsti
1563 3252 1637 3296 sum

270 3366 418 3436 omnibus
432 3368 498 3434 suis
511 3365 716 3454 pertinentiis
733 3366 876 3453 predisto
888 3364 920 3431 'J
921 3367 1019 3432 on’us
1040 3366 1145 3432 Mons
1166 3372 1200 3434 et
1221 3366 1392 3434 heredibus
1413 3368 1480 3435 suis
1500 3370 1553 3435 vel
1574 3368 1641 3435 suis

137 3549 143 3556 ·
270 3505 444 3594 assignetis
457 3507 569 3571 eontra
579 3525 690 3570 onmes
700 3507 815 3591 gentes
825 3503 1105 3575 warantizabimus
1120 3508 1152 3571 et
1166 3505 1378 3572 defendemus
1391 3480 1638 3594 imperpetuum.

270 3642 313 3710 lu
335 3641 426 3708 ouius
447 3641 495 3708 rei
515 3639 738 3707 testimonium
755 3639 831 3707 huis
847 3642 988 3728 presenti
1008 3645 1095 3706 uerte
1114 3664 1186 3709 mee
1206 3643 1353 3731 sigillum
1369 3666 1478 3710 meum
1496 3646 1639 3732 apposui

271 3781 349 3848 Hiis
362 3780 499 3848 testibus
512 3778 536 3847 J
536 3779 644 3846 ou'us
658 3779 682 3848 J
683 3801 763 3846 osne
779 3779 907 3847 Tenus
922 3778 1093 3847 Bsusouu
1102 3778 1273 3866 propositis
1286 3778 1384 3866 burgi
1398 3781 1439 3846 de
1454 3779 1641 3848 Ksnunm

269 3919 397 3986 'Fusus
425 3917 621 3985 Pusssnnu
644 3921 724 3983 tuno
744 3915 864 3984 bellive
889 3915 1055 3984 Jousuun
1081 3916 1242 3984 (ternus
1270 3916 1388 3983 seniori
1430 3915 1643 3986 Wmnmmso

271 4055 366 4124 Tou?
404 4053 613 4122 Wmnsunuo
639 4053 735 4122 Dm
760 4057 793 4121 et
816 4053 897 4121 eliis.
935 4051 1060 4120 Datum
1084 4054 1172 4141 epud
1191 4052 1366 4120 Ksuunss
1386 4053 1423 4120 in
1448 4055 1562 4142 vigilis
1580 4054 1642 4122 S'ti

268 4193 393 4262 Jsoom
407 4192 544 4281 apostoli
559 4215 644 4260 enno
658 4191 754 4280 regni
768 4190 871 4280 Regis
885 4191 1058 4260 Euwusns
1076 4191 1168 4260 tereii
1182 4196 1256 4280 post
1270 4196 1480 4280 nonquestum
1494 4194 1645 4261 vicesimo

268 4330 419 4399 seeundo.

509 4540 547 4602 (1)
563 4540 715 4590 croekureeu
730 4554 758 4588 ur
773 4539 966 4600 crockherbton
982 4539 1025 4588 the
1039 4538 1145 4588 Rsstsrn
1160 4538 1254 4588 suburb
1268 4540 1296 4588 oi
1311 4539 1411 4588 Csrdiff.
