4009 5434
1503 643 1569 711 28⁷

223 953 1612 1048 abbatietoourentuiaosuoosrsonbusnostrisproprsdiotisoapellamanerio

224 1094 329 1165 ouiir
354 1098 532 1183 personatu
563 1116 639 1161 oum
671 1090 822 1161 omnibus
852 1097 904 1163 ete
936 1094 1156 1183 spectantibus
1188 1096 1309 1185 viginti
1339 1096 1482 1187 quinque
1514 1096 1614 1169 libras

225 1240 302 1303 tres
328 1233 441 1301 dsoun
468 1231 587 1301 solidos
614 1234 649 1300 et
676 1234 816 1319 quatuor
838 1230 988 1301 denarios
1010 1232 1127 1321 legalis
1150 1238 1280 1303 monete
1303 1234 1445 1305 Asunm
1467 1236 1512 1303 ad
1529 1234 1614 1305 festa

226 1370 348 1441 Saneti
372 1370 496 1439 Jnoom
520 1369 658 1457 apostoli
679 1374 715 1439 et
735 1368 848 1437 Sanoti
871 1367 1023 1437 Armnns
1046 1370 1191 1459 apostoli.
1236 1372 1285 1441 ut
1305 1394 1365 1462 pro
1387 1374 1539 1462 predieb's
1560 1396 1613 1445 nrr

226 1510 319 1580 aeris
339 1512 424 1577 terre
445 1511 513 1608 tres
529 1506 630 1579 libras
649 1512 685 1577 et
705 1507 849 1595 quinque
868 1501 988 1575 solidos
1009 1508 1100 1596 equis
1120 1508 1324 1597 porcionibus
1342 1510 1511 1581 solvendos
1525 1512 1614 1601 apud

227 1645 468 1715 monasterium
503 1648 651 1713 nostrum
685 1644 876 1732 prediotum.
924 1643 977 1713 Ae
1013 1644 1114 1713 seiam
1149 1648 1319 1715 annuatim
1355 1650 1437 1717 duas
1471 1652 1615 1719 reoentes

228 1784 395 1853 nlmones
422 1782 596 1854 eonventui
626 1786 759 1851 tantum
792 1782 943 1851 videlieet
976 1806 1082 1851 unum
1116 1784 1153 1851 in
1187 1782 1346 1853 Adventu
1380 1790 1457 1887 ante
1492 1786 1614 1855 testum

229 1921 356 1991 natalis
383 1919 802 1989 Dominietalterumiu
828 1920 1178 2009 quadragesimaoitru
1202 1918 1614 2011 Domffimpnlmmnm

231 2060 290 2129 vel
321 2083 378 2127 sex
413 2059 532 2127 solidos
565 2063 600 2127 et
635 2062 709 2127 uoto
743 2058 893 2125 donamus
928 2058 1166 2147 sterlingorum.
1216 2056 1382 2127 Noveritis
1417 2082 1477 2129 nos
1511 2060 1614 2131 seiam

233 2197 380 2285 metatus
407 2195 558 2265 abbatem
590 2201 625 2265 et
656 2200 851 2265 oonventum
877 2218 938 2283 pro
965 2194 1051 2263 bono
1080 2198 1113 2263 et
1141 2196 1230 2264 fideli
1258 2196 1390 2267 servioio
1419 2200 1506 2285 quod
1534 2198 1614 2267 dieti

235 2332 383 2402 Tuom
400 2339 435 2403 et
453 2334 599 2403 Triones
620 2338 697 2401 ante
717 2333 778 2401 beo
797 2338 944 2421 ternpore
968 2333 1062 2402 nobis
1090 2334 1320 2421 impendenmt
1342 2338 1376 2403 et
1402 2334 1614 2423 imposterum

235 2473 427 2561 impendent
455 2472 604 2539 dedimus
631 2472 843 2540 ooneessimus
864 2476 899 2539 et
920 2470 982 2539 hoo
1006 2494 1064 2559 per
1085 2494 1215 2559 presens
1234 2473 1389 2561 seriptum
1407 2474 1614 2542 indeutatnm

235 2610 497 2679 oonbrmarimus
523 2608 659 2697 prefatis
687 2608 816 2677 Tnorsu
845 2614 879 2677 et
909 2608 1038 2677 Tnoun
1070 2610 1211 2678 offioium
1238 2608 1353 2679 ballivi
1380 2615 1415 2678 et
1441 2610 1613 2698 reoeptoris

234 2746 1052 2836 predistimaneriioumoeterirpremissisinle
1074 2746 1344 2835 Monaprediota
1366 2770 1441 2817 oum
1464 2747 1614 2817 omnibus

235 2884 387 2974 proflouis
407 2890 442 2953 et
461 2884 535 2953 aliis
557 2883 784 2953 emolimenlis
805 2883 892 2952 dioto
917 2884 1020 2952 offieio
1046 2884 1264 2973 speetantibus
1289 2885 1355 2954 sive
1376 2885 1614 2975 pmtinentibus

235 3022 365 3091 raeione
385 3022 480 3111 enjus
502 3022 598 3091 offioii
619 3022 702 3090 bene
723 3025 758 3090 et
778 3022 917 3090 fideliter
936 3022 1078 3089 feeieudi
1100 3044 1156 3089 sex
1181 3022 1298 3090 solidos
1319 3027 1353 3091 et
1374 3028 1444 3091 uoto
1466 3022 1614 3091 denarios

236 3161 474 3250 sterlingorum.
520 3161 573 3228 Ao
587 3182 688 3227 unum
702 3163 814 3249 togam
829 3158 912 3227 siout
925 3158 1023 3227 ueteri
1038 3158 1211 3227 servientes
1228 3158 1350 3229 habent
1369 3162 1410 3229 de
1428 3161 1462 3227 la
1479 3159 1611 3247 liverey.

237 3296 439 3365 Habendum
453 3302 488 3365 et
505 3297 683 3364 tenendum
702 3300 736 3365 et
755 3296 925 3364 annuatim
943 3296 1186 3386 pereipiendum
1205 3298 1329 3365 dietum
1348 3296 1522 3365 annualem
1540 3298 1613 3365 red·

237 3436 345 3505 ditum
358 3458 423 3504 vra
439 3440 540 3503 vrud.
556 3436 785 3524 sterlingorum
799 3458 836 3501 au
855 3456 956 3502 unam
970 3439 1082 3523 togam
1096 3435 1231 3523 prefatis
1244 3435 1372 3504 Tuosne
1387 3439 1421 3504 et
1433 3435 1561 3504 Trous
1576 3457 1613 3503 ao

237 3573 409 3662 assignetis
427 3572 495 3641 suis
512 3574 652 3642 durante
671 3574 809 3641 termino
828 3573 981 3661 predioto.
1027 3570 1075 3646 Et
1088 3572 1116 3640 si
1130 3573 1299 3661 oontinget
1312 3574 1436 3641 dietum
1449 3573 1614 3640 redditum

237 3715 297 3779 aut
310 3712 419 3799 aliquo
432 3712 510 3779 inde
523 3711 664 3799 paroells
677 3715 783 3779 aretro
795 3710 866 3777 foro
882 3710 1061 3777 insolutum
1075 3714 1150 3797 post
1168 3710 1299 3797 aliquod
1317 3708 1438 3777 festum
1456 3709 1614 3776 festorum

237 3849 455 3938 predioterum
468 3848 504 3916 iu
518 3871 583 3937 quo
598 3848 680 3915 solvi
693 3847 810 3915 debeat
827 3870 886 3933 per
903 3868 1008 3913 unum
1028 3846 1227 3933 quarterium
1245 3846 1325 3913 anni
1339 3847 1426 3932 quod
1439 3850 1518 3913 tuno
1530 3844 1613 3913 bene

236 3986 347 4056 lioebit
360 3986 454 4056 nobis
466 3987 602 4077 prefatis
615 3986 726 4055 abbati
740 3989 774 4054 et
791 3983 964 4053 oonventui
982 4006 1020 4051 ao
1040 3981 1268 4051 suooessoribus
1281 3982 1399 4050 nostris
1412 3982 1448 4049 in
1462 3982 1614 4070 predialis

236 4126 360 4214 oapella
378 4131 413 4193 et
430 4130 536 4194 oetera
551 4124 706 4213 premisse
726 4124 837 4191 omnis
856 4122 1013 4189 reintrare
1035 4120 1187 4188 rehabere
1203 4142 1398 4187 reassumam
1418 4123 1452 4187 et
1471 4120 1613 4207 gaudere

236 4267 335 4351 prout
347 4263 384 4331 in
398 4266 486 4330 statu
498 4267 609 4330 nostro
622 4262 759 4350 pristino
778 4260 943 4347 diotosque
966 4257 1122 4325 Tuom
1145 4262 1178 4325 et
1199 4256 1355 4325 'Pisonen
1376 4279 1414 4325 ao
1435 4258 1614 4345 assignatos

237 4421 311 4468 suos
324 4399 401 4467 inde
416 4400 560 4468 totaliter
573 4365 733 4488 expellere
747 4403 781 4467 et
794 4421 941 4466 amovere
960 4396 1022 4465 hoo
1036 4396 1177 4484 presenti
1191 4395 1308 4483 scripte
1322 4402 1431 4464 nostro
1445 4397 1614 4464 indentuto

142 4544 145 4549 ’
235 4537 273 4607 in
287 4539 396 4626 aliquo
414 4561 481 4638 uon
501 4538 675 4607 obstante..
700 4536 751 4604 ‘ut
768 4560 828 4605 nos
846 4537 982 4625 prodisti
1002 4534 1101 4603 ebbss
1119 4539 1153 4603 et
1172 4539 1348 4601 oonveutus
1366 4556 1403 4601 ee
1423 4555 1614 4601 sueesssoros
