4009 5434
238 957 447 1028 elmodam
482 955 1613 1046 imperpetuumlioeuoiaregisproubmosestsuparhoouoa

238 1091 383 1184 'optando
409 1093 615 1183 intelligente
642 1094 730 1162 dioto
758 1091 936 1162 unwano
962 1093 1071 1183 ipsum
1098 1115 1137 1162 eo
1164 1093 1253 1183 quod
1279 1115 1366 1162 uuus
1389 1091 1549 1162 baronum
1572 1093 1615 1164 de

240 1229 431 1300 Murohesiis
449 1229 598 1300 Waum
621 1229 686 1298 fuit
708 1235 742 1299 et
763 1229 851 1298 inira
872 1229 995 1298 dietum
1017 1229 1198 1298 dominium
1217 1251 1314 1298 suum
1334 1230 1377 1298 de
1397 1228 1616 1299 Glauoauss

240 1367 395 1458 quioquid
419 1369 462 1436 ad
488 1367 745 1455 iurisdietionem
765 1367 910 1456 regalem
933 1368 1075 1456 pesbiuet
1096 1367 1307 1436 domnionem
1326 1372 1362 1436 et
1381 1367 1617 1438 oouuadouem

241 1506 402 1596 prediatus
436 1504 556 1594 absque
590 1503 723 1572 lieenoia
754 1503 846 1594 regia
876 1503 964 1572 lioite
997 1503 1104 1572 faeere
1136 1504 1277 1592 potuisse
1308 1525 1383 1572 oum
1415 1526 1484 1572 uon
1510 1509 1618 1593 posset

243 1641 537 1730 subsequenterque
558 1641 732 1731 impetrata
745 1663 788 1708 ex
799 1646 892 1730 paru
905 1641 1122 1730 pmdiotorum
1132 1639 1258 1710 abbatie
1271 1645 1305 1709 ab
1318 1644 1495 1710 eonveubus
1508 1664 1530 1709 a
1542 1641 1619 1711 sede

243 1779 417 1870 apostoliea
429 1779 563 1847 lioenoia
579 1779 808 1868 appropriaudi
821 1778 986 1848 eooleeiam
1005 1779 1184 1868 prediotam
1198 1782 1232 1846 ab
1247 1801 1320 1846 eam
1333 1777 1370 1846 iu
1382 1778 1528 1867 proprios
1541 1799 1619 1846 usus

244 1916 377 1985 tenendi
399 1917 466 1984 mis
490 1915 673 2002 sumptibus
696 1939 764 1984 nou
788 1916 921 1984 modieis
945 1921 980 1984 eb
1005 1916 1153 2006 expensis
1176 1937 1237 1984 noe
1260 1915 1506 1986 advooaoionem
1526 1915 1620 1984 illam

244 2059 401 2141 tauquam
426 2051 520 2121 uobis
546 2053 747 2122 fodsfaotum
772 2075 829 2142 per
856 2051 1017 2140 judioium
1041 2053 1078 2122 iu
1103 2053 1193 2122 ouria
1216 2060 1328 2121 nostra
1351 2075 1459 2122 eoram
1482 2051 1621 2142 justioiis

246 2189 363 2258 naumis
376 2192 418 2258 de
431 2189 533 2258 banoo
555 2211 664 2258 versus
685 2189 847 2277 pietatum
870 2187 1020 2258 abbatem
1034 2189 1097 2258 1ite
1110 2189 1241 2258 redditu
1254 2211 1328 2258 meo
1346 2192 1434 2280 quod
1452 2190 1621 2261 advooaoio

244 2327 387 2416 prediota
400 2331 513 2394 eontra
526 2325 667 2394 formum
680 2325 795 2394 eueuu
809 2328 850 2395 de
863 2325 958 2396 terrie
977 2331 1011 2394 et
1029 2327 1224 2394 tenementis
1244 2326 1288 2394 ad
1306 2349 1442 2400 manum
1456 2331 1619 2398 mortuam

247 2487 312 2533 non
332 2464 492 2554 ponendis
513 2465 595 2532 editi
616 2463 750 2552 prefatis
771 2461 882 2533 abbati
907 2467 940 2532 eb
969 2464 1145 2532 oouveutui
1168 2465 1212 2532 ad
1237 2485 1372 2532 manum
1398 2468 1561 2532 mortuam
1583 2469 1622 2533 ut

248 2601 462 2691 promittimur
482 2602 561 2669 data
579 2605 613 2669 et
627 2623 773 2669 oouoeeea
793 2601 859 2670 fuit
880 2602 1138 2691 reeuperavimue
1158 2601 1250 2690 regio
1269 2600 1344 2690 jure
1357 2606 1467 2670 nostro
1481 2600 1575 2670 uobis
1588 2604 1623 2671 eb

250 2738 420 2807 heredibus
433 2739 552 2806 noemia
565 2761 624 2826 pro
644 2742 799 2827 peupebuo
813 2739 1005 2828 possidendo
1019 2739 1156 2808 velimus
1176 2739 1404 2827 premissorum
1425 2743 1459 2808 et
1480 2741 1623 2810 ueritatis

246 2875 371 2944 intuitu
398 2897 442 2942 ne
469 2875 570 2942 iidem
596 2873 696 2942 abbas
721 2878 754 2942 et
782 2881 958 2943 oouventue
986 2875 1148 2964 jaoturam
1173 2877 1394 2945 advooaeionie
1418 2878 1561 2966 prediote
1585 2901 1624 2946 ao

248 3013 397 3100 gravium
426 3035 641 3100 expensamm
669 3015 702 3080 et
728 3017 917 3100 sumptuum
942 3035 1023 3100 quos
1050 3013 1133 3080 eirea
1157 3012 1326 3082 lieenoiam
1353 3014 1624 3104 appropriaoionie

249 3148 390 3237 predicte
415 3147 599 3216 habendam
621 3153 660 3217 uu
686 3148 885 3237 promittite:
910 3153 1129 3238 apposuerunt
1153 3149 1434 3219 irremediabiliter
1457 3152 1624 3220 inourraub

250 3285 283 3354 in
311 3285 545 3356 releuauionem
574 3286 667 3355 exilis
696 3289 800 3354 etaim
835 3285 965 3354 abbaoie
1000 3286 1143 3375 puediote
1178 3309 1253 3355 oum
1281 3287 1402 3356 eisdem
1430 3287 1563 3357 ebbaoia
1591 3293 1625 3357 et

250 3428 412 3493 eonveneu
439 3423 476 3492 in
504 3423 565 3492 hae
596 3427 689 3514 parte
718 3447 814 3514 egeae
843 3425 985 3513 graoiose
1016 3447 1077 3492 noe
1111 3426 1339 3513 premissorum
1367 3425 1623 3494 eoueideraoione

250 3561 479 3652 supplioaoioni
492 3563 635 3651 prediote
650 3561 868 3630 favorabiliter
886 3561 1034 3630 inelimati
1055 3565 1096 3629 de
1117 3563 1227 3652 grauia
1247 3569 1358 3630 uestra
1376 3562 1506 3650 epeoiali
1526 3567 1560 3631 et
1580 3564 1622 3631 ad

250 3697 420 3786 speoialem
443 3697 687 3786 requieioiouem
712 3699 903 3768 venerabilia
931 3701 1033 3801 patuis
1062 3699 1189 3768 Tuon
1217 3698 1461 3768 menevense
1484 3701 1624 3790 epiaoopi

252 3833 439 3903 ooufeaeouis
459 3835 561 3902 nostri
586 3836 735 3905 dedimus
759 3841 794 3906 eb
817 3837 1029 3905 oonoeesimue
1052 3860 1111 3925 pro
1134 3835 1227 3905 nobis
1252 3841 1286 3904 et
1309 3835 1481 3904 hemdibue
1503 3838 1623 3906 nostiis

250 3973 384 4092 prefebie
398 3971 509 4040 abbati
522 3977 556 4040 eb
570 3975 743 4042 eonvenbui
764 3973 1008 4042 advooeoiouem
1029 3973 1158 4041 eooleeie
1178 3973 1321 4061 prediote
1341 3972 1378 4038 in
1395 3994 1496 4040 manu
1512 3977 1624 4042 nostra
1691 4025 1698 4036 .

250 4115 401 4200 pretextu
414 4111 666 4200 reeupereoionis
679 4112 819 4200 piediote
833 4111 1036 4178 existenbem.
1066 4109 1268 4177 Habendum
1277 4113 1312 4176 et
1321 4109 1500 4177 tenendum
1513 4109 1575 4178 sibi
1589 4115 1624 4180 et

251 4246 479 4316 suooeasonbus
500 4249 566 4316 suis
585 4249 626 4316 de
647 4248 740 4317 nobis
759 4253 793 4318 et
812 4247 984 4316 heredibus
1003 4247 1122 4315 nostris
1139 4269 1198 4335 per
1216 4247 1349 4314 servioia
1366 4245 1443 4314 iude
1462 4245 1573 4316 debita
1589 4253 1623 4317 et

250 4388 401 4453 oonsueia
420 4385 668 4476 imperpetuum.
706 4385 753 4454 Et
767 4385 903 4456 ulterius
921 4385 962 4453 de
981 4383 1142 4452 ubeiioria
1160 4383 1270 4473 grauia
1288 4388 1399 4452 nostra
1412 4361 1623 4454 oonoessimue

252 4525 285 4591 ei
311 4521 479 4592 liueuoiam
507 4523 657 4592 dedimus
685 4547 744 4612 pro
771 4521 865 4592 nobis
893 4527 927 4590 eb
956 4520 1130 4590 heredibus
1156 4521 1274 4588 nostrie
1301 4521 1423 4590 eisdem
1452 4519 1562 4589 abbati
1590 4527 1625 4590 et
