4009 5434
1512 572 1575 641 lot

242 878 374 962 nom
392 888 696 959 Nosmmm
716 882 873 957 Brenno
891 888 1124 957 Aaomaunra
1145 884 1288 957 Roosno
1302 890 1344 957 de
1357 886 1505 959 Mosruo
1520 888 1621 958 llam

240 1026 413 1099 mom
425 1026 599 1097 oomifibus
628 1025 652 1096 J
652 1046 796 1094 orum
806 1028 849 1095 ds
859 1024 959 1095 Gerr
973 1027 1015 1093 de
1030 1024 1290 1093 Rarannrsnns
1305 1028 1477 1096 seneeoallo
1486 1026 1623 1116 hospioii

240 1168 347 1235 nostri
374 1172 410 1235 et
436 1128 525 1234 aliis·
574 1165 701 1235 Datum
714 1186 787 1252 „per
814 1186 951 1232 manum
979 1168 1124 1231 nostram
1152 1164 1241 1251 apud
1268 1161 1622 1234 Wnsrurosssranrurr

242 1304 397 1374 vioesimo
415 1303 471 1372 die
490 1302 576 1370 Julii
596 1324 682 1370 anno
702 1302 797 1390 regni
816 1302 920 1370 nostri
940 1300 1082 1370 Auum
1103 1300 1263 1371 trioeeimo
1284 1303 1383 1371 ternio
1404 1302 1500 1392 regni
1519 1300 1623 1371 nostri

243 1451 321 1511 eom
334 1420 515 1510 nmen
528 1400 715 1537 amone:
737 1436 870 1530 [rato]

288 1604 362 1675 Nos
383 1608 494 1673 aulem
514 1603 747 1672 oonoessionom
768 1606 802 1671 ot
823 1600 1097 1671 oonllrmutionem
1118 1602 1277 1691 predictas
1301 1608 1388 1671 ratas
1412 1602 1567 1673 habentos
1589 1608 1624 1673 et

245 1747 356 1832 grata
369 1765 423 1809 eas
436 1766 495 1831 pro
508 1740 602 1809 nobis
614 1746 649 1810 ot
669 1739 840 1809 heredibus
859 1740 978 1807 nostris
999 1743 1160 1843 quantum
1180 1740 1215 1807 in
1237 1739 1330 1807 nobis
1351 1744 1400 1807 est
1420 1746 1624 1827 aooeptamus

244 1876 1066 1980 approbarnusaonunoburgensibusethominibus
1075 1876 1160 1945 diote
1167 1878 1295 1945 villede
1306 1875 1454 1945 Karous
1466 1882 1618 1945 eteorum

246 2014 477 2086 mooessoribus
490 2016 693 2085 ooboedimus
713 2020 748 2083 et
761 1994 993 2084 'oenflrmmm
1015 2014 1097 2082 siout
1117 2020 1204 2083 oarte
1224 2015 1367 2103 prediolo
1387 2015 1623 2083 rationabiliter

246 2158 409 2221 testam
422 2158 456 2222 et
468 2157 566 2242 prout
586 2152 649 2241 ipsi
669 2156 703 2220 ot
723 2174 835 2219 eorum
856 2174 1047 2219 suooemres
1067 2150 1271 2220 libertatibus
1291 2156 1326 2219 st
1346 2151 1535 2241 quietanoiis
1555 2152 1622 2219 illis

246 2290 404 2359 haetenus
426 2286 661 2358 rationabiliter
681 2286 732 2357 nai
753 2292 832 2357 emt
849 2292 884 2377 et
904 2288 1018 2377 gavisi
1063 2286 1107 2355 In
1128 2288 1222 2377 eujus
1246 2288 1293 2357 rei
1318 2288 1539 2356 testimonium
1563 2288 1624 2357 bae

247 2425 374 2499 litteras
393 2431 520 2495 nostras
539 2426 610 2495 fleri
628 2427 765 2497 isumus
785 2430 941 2515 patentes.
986 2426 1083 2495 'Poste
1108 2450 1160 2495 me
1185 2426 1255 2525 ipso
1280 2428 1368 2513 apud
1388 2425 1622 2495 Wusruouss·

249 2584 383 2631 rsuram
396 2563 546 2633 vioesimo
560 2565 613 2633 die
627 2561 812 2633 Flebruarii
825 2586 912 2633 anno
924 2564 1020 2655 regni
1033 2565 1135 2633 nostri
1148 2548 1296 2633 eeoubdo.
1344 2560 1476 2653 [1401]

291 2724 364 2795 Nos
397 2729 507 2794 autem
541 2726 667 2796 litteras
693 2691 853 2816 prediola
881 2727 961 2796 ‹lioti
988 2726 1043 2796 avi
1070 2726 1173 2795 nostri
1201 2731 1360 2814 quantum
1387 2726 1423 2793 in
1452 2725 1545 2795 nobis
1573 2732 1623 2795 est

249 2867 452 2952 aooeptamus
464 2862 679 2967 approbamus
690 2864 887 2935 ratifioamus
899 2887 1024 2933 neonon
1040 2863 1149 2932 omnia
1170 2868 1204 2931 et
1224 2886 1423 2951 queoumque
1443 2864 1480 2931 in
1501 2864 1622 2933 eisdem

248 2997 369 3065 litteris
390 3002 542 3067 oontenta
565 3001 736 3069 carissimis
759 3002 1007 3091 oonsanguineis
1028 3002 1146 3069 nostris
1168 3001 1324 3067 R1osnuo
1344 3000 1491 3069 Nuvrnu
1512 3002 1623 3070 oomiti

248 3131 446 3205 wasme
475 3139 509 3204 et
532 3134 640 3206 assa
664 3138 759 3205 uxori
783 3138 853 3207 eina
876 3144 911 3207 ot
934 3137 1105 3207 heredibus
1129 3140 1170 3205 de
1196 3100 1324 3229 eorporo
1349 3138 1491 3207 eiusdem
1515 3137 1622 3206 Areua

248 3273 423 3360 proereatis
456 3295 582 3342 noonon
618 3274 872 3365 qmbrueumque
906 3275 1121 3366 bugeneibus
1155 3275 1341 3345 hominibus
1376 3281 1410 3344 et
1438 3276 1624 3345 tenentrbus

249 3409 463 3478 residentibus
491 3410 643 3480 villarum
671 3414 712 3480 de
740 3412 889 3481 Kaunrr
919 3412 1130 3481 &annuens
1158 3399 1286 3481 Nsnru
1308 3380 1342 3483 et
1362 3412 1557 3481 Ksusrm
1587 3438 1625 3483 eo

251 3569 363 3615 eorum
391 3547 621 3619 suoeessonbus
648 3554 683 3618 ot
710 3573 821 3619 oormn
849 3551 982 3621 ouilibst
1007 3556 1117 3620 tenore
1142 3552 1339 3639 presentium
1365 3552 1567 3618 oonoedimus
1592 3558 1626 3619 et

251 3685 487 3756 oonlirmamue.
531 3684 584 3754 Eo
606 3689 694 3775 quod
718 3690 760 3757 de
781 3711 858 3759 roro
881 3710 992 3758 mnuo
1016 3690 1125 3758 valore
1149 3689 1295 3757 omnium
1316 3688 1543 3777 premissorum
1568 3712 1626 3757 seu

251 3820 391 3913 alicujus
403 3821 481 3893 inde
493 3824 632 3913 pamella
644 3848 702 3894 son
714 3826 756 3894 (le
767 3825 842 3895 aliis
860 3825 954 3895 donis
973 3827 1042 3895 sivo
1062 3824 1315 3895 oonoessionibus
1335 3846 1393 3911 per
1413 3846 1472 3891 nos
1492 3824 1629 3912 prefatis
1664 3860 1667 3865 ·

253 3958 411 4029 Brcsano
432 3958 583 4030 Numa
607 3966 643 4031 st
664 3962 772 4031 Assa
796 3966 874 4031 ente
897 3961 958 4030 heo
982 3966 1128 4049 tempora
1153 3962 1247 4031 iretis
1271 3984 1419 4050 expressa
1443 3962 1568 4030 meneio
1591 3963 1627 4030 in

252 4097 634 4188 presentibusfaotanon
644 4100 755 4169 existit
764 4104 824 4169 aut
833 4100 944 4189 aliquo
953 4104 1076 4169 statario
1087 4104 1161 4169 aotu
1171 4099 1375 4167 ordinatione
1385 4098 1437 4167 vel
1447 4098 1628 4187 provisions

251 4234 341 4304 neu
364 4235 432 4303 sive
456 4236 546 4305 edita
560 4258 636 4311 ‘non
661 4236 871 4307 obstantibus
918 4235 965 4306 In
989 4236 1084 4325 eujus
1108 4237 1156 4305 rei
1178 4236 1483 4334 usamentumlhn
1504 4237 1630 4304 litterae

252 4377 380 4443 nostrae
391 4373 463 4442 fleri
474 4340 781 4475 iooinruspatentes
818 4374 916 4445 Teste
929 4376 1066 4464 meipso
1079 4376 1168 4463 apud
1188 4374 1336 4441 Runrso
1350 4372 1500 4443 vioedmo
1514 4372 1632 4463 quinto

253 4500 1066 4603 tiellnoiiennoregninoabiffiosn'moprimo.
1114 4510 1247 4603 [1453]
