4009 5434
396 697 439 763 48

349 1014 460 1078 enses
487 1010 611 1078 seldem
640 1014 786 1101 opertum
806 1012 848 1079 de
869 1011 1032 1099 aliquibus
1053 1010 1362 1082 merebendin'sneo
1381 1009 1550 1078 tebernssn
1571 1031 1631 1076 nee
1651 1007 1723 1076 oori

348 1147 444 1214 insist
466 1147 501 1214 in
524 1147 603 1215 ville
623 1153 735 1217 nostre
755 1149 900 1238 prediote
921 1147 985 1216 nisi
1005 1149 1106 1216 inerit
1122 1169 1197 1216 oum
1210 1147 1362 1237 prodistis
1375 1146 1590 1236 burgensibus
1602 1145 1723 1214 nostris

347 1285 469 1354 lotstus
490 1290 523 1353 et
545 1290 703 1354 esootetus
723 1291 757 1354 et
778 1287 867 1354 inirs
887 1286 1024 1376 guidem
1043 1285 1271 1354 merostorinns
1291 1286 1435 1374 ipsorum
1454 1289 1601 1372 redeptus

393 1445 531 1515 Neonon
546 1449 757 1516 oonoeffimns
770 1449 891 1516 eisdem
904 1447 1120 1537 burgensibus
1133 1447 1251 1515 nostris
1265 1449 1358 1535 vqnod
1378 1447 1442 1536 ipsi
1462 1453 1496 1514 et
1516 1445 1650 1513 heredes
1669 1444 1722 1512 sni

350 1584 486 1674 guidem
508 1585 594 1652 inter
616 1608 670 1653 eos
687 1588 790 1654 isosre
812 1587 937 1674 possint
950 1609 1016 1674 quo
1030 1591 1174 1674 tempore
1188 1592 1222 1654 et
1235 1585 1489 1672 qunndoounqne
1504 1583 1666 1650 voluerint
1679 1583 1722 1649 ed

349 1721 530 1809 predonum
543 1723 695 1812 ipsorum.
741 1723 790 1791 Et
808 1725 895 1811 quod
910 1724 1063 1812 distringi
1079 1745 1146 1791 non
1160 1721 1300 1790 debeent
1312 1745 1372 1810 pro
1383 1721 1493 1790 debito
1506 1720 1645 1809 elionjns
1657 1719 1722 1788 nisi

351 1857 512 1927 debitores
540 1865 600 1927 eut
627 1861 730 1950 plegii
758 1884 816 1950 pro
846 1861 960 1930 eodem
987 1861 1121 1928 inerint.
1170 1859 1219 1927 Et
1246 1859 1333 1947 qnod
1361 1860 1472 1927 nulins
1497 1859 1637 1926 bellivos
1664 1879 1723 1926 sen

349 1995 498 2063 minister
512 2001 621 2064 noster
635 1998 738 2066 oolore
753 1997 884 2066 bellivie
906 2021 963 2065 sue
985 1997 1253 2066 summonioiones
1273 2019 1330 2064 sne
1352 1997 1604 2064 etteohiemente
1624 1995 1722 2063 fsoiet

351 2157 411 2202 neo
435 2135 521 2202 infre
541 2135 668 2204 bundas
689 2137 848 2224 prediotes
869 2138 1088 2206 distriooiones
1109 2138 1213 2226 oepiet
1234 2137 1298 2205 nisi
1318 2141 1448 2240 teptum
1469 2132 1724 2202 eonstebnlnrins

351 2273 515 2360 prediatus
539 2279 573 2340 et
597 2273 711 2341 bellivi
735 2274 883 2362 ejusdem
909 2275 985 2342 viiie
1008 2277 1065 2363 qni
1086 2297 1144 2363 per
1167 2275 1253 2363 ipsos
1273 2274 1451 2363 burgenses
1471 2272 1565 2340 eleoti
1587 2271 1720 2340 inerint.

351 2408 492 2498 Insuper
519 2410 730 2478 eonoessimns
757 2413 891 2500 profetis
915 2411 1129 2502 burgensibus
1154 2413 1273 2481 nostris
1292 2413 1381 2500 quod
1401 2433 1513 2478 omnes
1532 2412 1725 2478 merentem

351 2553 422 2616 tern
449 2549 601 2636 pennerii
629 2549 781 2617 oerdonss
802 2550 964 2640 pelliperii
992 2556 1026 2618 et
1051 2550 1228 2618 siroteoerii
1255 2572 1354 2637 qnsm
1376 2549 1434 2616 elii
1457 2547 1577 2615 diversi
1599 2547 1658 2634 qni
1681 2568 1724 2614 ex

351 2685 518 2773 smpoione
532 2690 566 2753 et
580 2687 768 2754 vendieione
782 2687 895 2754 vivent
915 2689 1003 2756 inire
1024 2689 1205 2757 dominium
1227 2691 1374 2761 nostrum
1395 2685 1669 2755 Gmononuom
1689 2687 1725 2752 st

351 2823 562 2892 Uononem
575 2823 714 2892 residere
728 2825 868 2894 debeent
890 2827 926 2893 in
947 2827 1035 2893 villis
1054 2828 1095 2893 de
1116 2826 1225 2916 burgh
1246 2835 1281 2894 et
1300 2848 1367 2894 non
1388 2824 1523 2912 uplnnd.
1568 2823 1616 2891 Et
1635 2821 1725 2910 qnod

352 2963 553 3032 omnimodus
568 2963 806 3032 merobsndisss
818 2964 942 3032 feeient
955 2965 991 3031 in
1006 2965 1163 3032 nundinis
1175 2965 1254 3032 foris
1271 2969 1305 3032 ot
1326 2963 1413 3030 villis
1433 2962 1473 3029 de
1494 2961 1580 3051 burg
1600 2966 1636 3028 et
1656 2983 1723 3028 non

351 3097 441 3168 dibi
486 3098 533 3166 Et
562 3099 663 3166 seium
693 3123 804 3169 omnes
833 3107 1026 3170 morosiores
1053 3125 1128 3169 oum
1155 3123 1268 3170 eorum
1295 3099 1526 3168 merebnndisis
1554 3097 1633 3166 aiibi
1656 3119 1724 3164 non

352 3239 521 3304 treneeent
534 3259 633 3323 quern
647 3259 705 3324 per
718 3237 844 3326 regales
857 3237 944 3306 vinos
958 3245 992 3306 et
1006 3261 1064 3326 per
1078 3239 1172 3306 villos
1185 3239 1227 3306 de
1240 3235 1358 3327 burgh.
1403 3236 1460 3305 Ite
1478 3237 1565 3325 quod
1584 3257 1646 3304 nos
1664 3257 1725 3302 nso

353 3371 488 3440 heredes
500 3373 603 3442 nostri
617 3373 778 3442 tolnetnm
791 3379 939 3444 nostrum
952 3399 1013 3444 neo
1031 3376 1157 3464 sliquos
1174 3381 1337 3444 onstnrnss
1355 3373 1449 3442 nobie
1469 3372 1596 3442 debitos
1615 3372 1724 3461 eliquo

354 3513 499 3598 ternpore
519 3511 715 3580 emittemus

398 3657 446 3727 Et
466 3661 555 3746 qnod
575 3660 711 3748 predicti
731 3659 908 3750 burgenses
928 3663 1031 3730 nostri
1055 3687 1116 3730 noo
1138 3685 1251 3731 eornm
1278 3661 1413 3730 herodes
1441 3660 1585 3747 aliquam
1608 3659 1723 3747 vigile-

355 3795 480 3864 sionem
499 3795 620 3864 sedent
641 3820 701 3865 neo
722 3797 864 3886 sliquem
885 3799 1065 3888 fugitivum
1086 3801 1123 3867 in
1146 3801 1256 3889 alique
1277 3799 1408 3867 eoeleste
1428 3797 1612 3866 eustodisnt
1633 3799 1725 3864 exin

355 3953 466 4000 muros
480 3931 556 4000 ville
570 3937 678 4000 nostre
691 3930 842 4022 prediote.

401 4079 622 4148 Gonoessimus
648 4105 724 4150 vero
747 4085 900 4171 prodistis
924 4084 1139 4174 burgensibus
1160 4088 1279 4155 nostris
1298 4087 1386 4178 quod
1407 4109 1466 4175 per
1487 4086 1726 4154 ordinsoionsnn

359 4215 585 4284 oomtebulnrii
609 4219 745 4304 predioti
768 4221 987 4290 ordineoiones
1007 4230 1042 4291 et
1063 4224 1272 4292 olsmsoionss
1292 4224 1393 4292 libere
1414 4225 1521 4292 isoere
1540 4221 1666 4312 possint
1685 4223 1726 4290 de

360 4352 458 4419 ube
471 4353 565 4440 penis
579 4359 612 4420 et
626 4355 755 4423 eervisie
769 4361 802 4424 et
817 4357 889 4424 eliis
903 4351 1037 4426 diversis
1054 4359 1150 4427 rebus
1169 4362 1212 4428 sd
1233 4362 1446 4429 voluntetem'
1457 4383 1570 4429 eorum
1590 4361 1727 4428 eundem

360 4487 473 4556 villam
496 4489 707 4576 tsngenoibns
731 4495 987 4582 qusndoonnqne
1011 4519 1138 4564 neeesse
1162 4499 1261 4566 fuerit
1284 4499 1327 4566 sd
1351 4499 1613 4567 emendacionem
1638 4498 1727 4566 illins

201 4592 211 4607 Ι
362 4624 440 4694 ville
453 4631 487 4693 et
501 4626 678 4713 proflouum
692 4630 805 4716 populi
825 4632 971 4700 nolentes
992 4635 1079 4720 quod
1099 4635 1198 4703 iidem
1219 4635 1396 4725 burgenses
1415 4636 1519 4704 nostri
1539 4636 1606 4703 sint
1627 4635 1730 4726 legsti
