4009 5434
1517 703 1562 770 57

221 1023 325 1090 nostri
339 1021 397 1090 sel
412 1019 572 1088 heredum
584 1021 768 1087 nostrornm
785 1019 890 1086 eolore
904 1017 1000 1086 offleii
1013 1039 1072 1086 sen
1093 1018 1134 1087 de
1154 1023 1262 1086 oetero
1276 1017 1385 1106 oepiut
1398 1018 1439 1086 de
1452 1017 1607 1107 prediotis

222 1157 446 1248 burgensibus
474 1155 573 1224 blede
600 1177 711 1224 oerues
738 1155 817 1224 vine
845 1159 904 1224 eut
925 1155 990 1224 eliu
1011 1155 1166 1224 viotneliu
1185 1154 1275 1223 inire
1293 1153 1437 1243 burgum
1457 1159 1606 1224 nostrum

223 1297 412 1385 predictum
428 1318 492 1384 que
513 1297 590 1362 sunt
611 1293 654 1361 ed
675 1292 882 1374 pendendum
907 1297 1021 1360 oontre
1033 1315 1145 1361 eorum
1158 1294 1361 1361 voluntatem
1385 1293 1452 1360 nisi
1467 1292 1510 1360 ed
1523 1315 1606 1382 opus

224 1424 378 1500 nostrum
392 1432 447 1499 vel
460 1430 618 1499 heredum
632 1433 826 1498 nostrorum.

267 1581 498 1650 Gonoessimns
512 1579 611 1648 etism
624 1602 683 1668 pro
697 1577 793 1646 nobis
806 1583 840 1646 et
853 1577 1026 1648 heredibus
1039 1579 1159 1646 nostris
1172 1581 1259 1666 quod
1278 1580 1415 1668 predioti
1428 1578 1607 1668 burgenses

225 1721 332 1789 nostri
346 1723 381 1787 et
395 1741 507 1788 eorum
521 1739 713 1784 suooessorss
726 1718 767 1784 de
781 1720 886 1784 uetere
896 1715 991 1784 liberi
1002 1717 1070 1784 sint
1080 1721 1113 1784 et
1123 1717 1226 1804 quieti
1238 1741 1297 1806 per
1306 1722 1414 1785 totum
1424 1717 1605 1785 dominium

226 1863 379 1927 nostrum
393 1857 434 1923 de
450 1854 578 1923 Nuuuu
593 1853 764 1940 utrobique
779 1854 821 1922 de
834 1853 941 1924 reditu
963 1853 1182 1922 advocationis
1195 1856 1232 1922 iu
1245 1859 1439 1944 perpetuum
1462 1860 1497 1922 et
1517 1857 1606 1942 quod

228 2017 344 2062 omnes
357 1994 417 2062 ulii
431 1996 580 2060 tenentes
592 1991 696 2059 nostri
710 1992 752 2059 de
766 1991 879 2058 eedem
893 1991 973 2058 ville
986 1995 1099 2060 nostre
1111 1990 1254 2060 hebeent
1267 1991 1461 2060 libertatem.

272 2144 438 2214 Volumus
459 2143 592 2230 insuper
611 2146 644 2208 et
658 2141 861 2208 ooneedimus
881 2164 941 2230 pro
962 2141 1056 2210 nobis
1077 2147 1111 2210 et
1131 2141 1304 2210 heredibus
1323 2143 1443 2210 nostris
1463 2144 1551 2230 qued
1565 2144 1607 2212 de

230 2280 384 2349 omnibus
404 2279 639 2347 merohendiuis
661 2278 756 2346 festis
777 2278 813 2344 in
834 2279 941 2366 petris
965 2280 1007 2347 de
1032 2279 1161 2347 Nnrru
1189 2286 1259 2347 tem
1282 2281 1364 2348 oitru
1389 2303 1489 2368 quern
1517 2281 1607 2348 ultre

230 2420 319 2487 uude
333 2419 496 2486 tolnetum
510 2416 714 2485 debitum-sit
728 2416 815 2502 quod
829 2419 898 2483 tom
913 2419 1073 2505 emptores
1087 2439 1185 2505 quem
1204 2420 1387 2486 venditores
1409 2419 1542 2487 venient
1562 2422 1606 2487 nd

229 2557 369 2636 eundem
390 2556 504 2622 villum
525 2559 668 2624 nostrum
689 2553 732 2621 ed
753 2553 1001 2621 monstrandum
1023 2558 1057 2621 et
1076 2555 1267 2622 solvendum
1279 2553 1374 2622 nobis
1387 2563 1421 2622 et
1434 2554 1607 2624 heredibus

230 2695 350 2762 nostris
364 2694 452 2781 quod
466 2691 593 2780 justum
607 2693 694 2761 fierit
711 2715 770 2782 pro
791 2692 1026 2760 merehendiris
1039 2693 1106 2760 suis
1119 2694 1296 2760 seeundum
1309 2694 1460 2780 antiques
1473 2715 1604 2762 eonsue-

229 2831 361 2900 tudines
388 2830 486 2919 burgi
514 2831 617 2898 nostri
645 2830 790 2918 prodisti.
836 2829 892 2898 Ite
919 2833 1031 2898 temen
1059 2831 1147 2916 qnod
1175 2831 1357 2918 prepositus
1380 2830 1478 2920 burgi
1502 2832 1605 2900 nostri

229 2969 367 3056 prediuti
388 2990 445 3036 seu
465 2968 626 3036 firmarius
646 2969 777 3055 pyxidis
798 2967 945 3056 ejusdem
966 2967 1044 3034 ville
1064 2972 1174 3036 nostre
1196 2967 1253 3055 qui
1274 2990 1333 3055 pro
1346 2972 1491 3057 tempore
1504 2968 1605 3036 fuerit

231 3107 331 3174 finem
344 3129 411 3174 nou
430 3106 537 3193 oopiet
558 3107 599 3173 de
620 3105 818 3194 emptoribus
839 3127 897 3173 seu
917 3105 1141 3174 venditoribus
1160 3105 1459 3173 mereheudisnrum
1480 3105 1605 3193 predio·

230 3249 340 3312 terum
354 3247 430 3311 ente
444 3243 641 3331 emptionem
656 3242 709 3309 vel
723 3242 944 3310 venditionem
959 3244 1145 3310 eurumdem.

276 3406 497 3474 Gouoeesimus
522 3405 622 3472 etism
646 3405 770 3493 prefato
795 3403 1012 3494 burgensibus
1035 3406 1154 3472 nostris
1178 3410 1212 3473 et
1236 3428 1347 3473 eorum
1373 3404 1605 3473 suooessoribus

232 3544 320 3630 quod
347 3543 388 3610 de
413 3549 517 3610 oetero
542 3543 653 3610 nullus
678 3539 885 3611 Wsuuursrs
906 3564 966 3610 neo
990 3541 1110 3629 uliquis
1137 3542 1221 3608 elius
1248 3542 1391 3630 uliqnern
1419 3541 1603 3610 libertatem

230 3675 372 3744 bubsent
399 3677 525 3744 ratione
554 3675 693 3763 alieuius
720 3676 873 3766 burgagii
901 3678 935 3744 in
966 3676 1073 3767 burgo
1101 3683 1211 3745 nostro
1241 3679 1384 3766 predioto
1412 3678 1476 3746 nisi
1503 3678 1603 3746 buerit

230 3813 352 3884 ibidem
365 3815 506 3882 residens
520 3813 670 3882 videlieet
686 3815 896 3904 potwutiinge
913 3819 948 3882 et
964 3837 1039 3883 oum
1061 3816 1107 3883 eis
1127 3815 1236 3882 lotuns
1256 3819 1290 3882 et
1311 3819 1438 3882 sootsns
1458 3821 1492 3883 et
1512 3815 1603 3884 inire

231 3953 378 4041 guildum
400 3951 560 4020 libertatis
584 3975 696 4020 eorum
719 3958 874 4041 reoeptus
920 3951 1061 4041 Insuper
1086 3954 1236 4022 volumus
1257 3957 1291 4020 et
1312 3953 1514 4021 oonoedimus
1541 3975 1601 4041 pro

230 4090 323 4158 nobis
336 4098 370 4158 et
383 4089 555 4157 heredibus
569 4090 687 4158 uostris
701 4091 788 4178 quod
801 4089 901 4158 iidem
914 4089 1092 4180 burgenses
1104 4049 1208 4157 nostri
1229 4095 1264 4158 et
1285 4113 1396 4158 eorum
1409 4113 1602 4158 snooessores

228 4225 371 4297 bsbeeut
384 4228 512 4296 eusdem
525 4231 629 4296 metes
642 4231 676 4295 et
689 4225 816 4295 bundus
829 4225 1018 4296 libertetum
1030 4227 1108 4296 ville
1121 4231 1231 4295 nostre
1240 4228 1383 4318 prediote
1393 4249 1474 4314 ques
1483 4226 1603 4297 bebere

228 4365 374 4434 solebant
403 4369 547 4454 tempore
575 4369 811 4434 mteoeseorum
846 4367 1031 4434 nostromm
1059 4368 1093 4433 et
1121 4365 1208 4452 qnod
1237 4367 1348 4433 nullus
1374 4363 1515 4433 bellivos
1542 4387 1600 4433 seu

228 4503 376 4572 minister
403 4509 513 4572 noster
540 4503 593 4572 vel
621 4502 778 4571 heredum
791 4505 974 4571 nostrorum
988 4502 1093 4570 solere
1113 4501 1233 4570 bellive
1255 4523 1312 4570 sne
1335 4501 1603 4570 summonitiones

228 4661 284 4709 seu
297 4639 589 4710 uttuobiumentum
602 4639 700 4708 isoiet
723 4661 784 4709 neo
801 4639 887 4708 infre
907 4638 1035 4708 bundes
1054 4640 1215 4730 predictus
1235 4639 1470 4708 distriotionem
1494 4638 1601 4726 oepiet
