4009 5434
1452 727 1456 737 Ι
1567 633 1589 700 d

265 969 334 1013 mee
359 945 546 1012 confirmavi
571 945 595 1014 J
596 967 732 1012 unvero
764 943 822 1034 [ap
847 943 871 1013 J
873 943 984 1034 svau]
1017 968 1059 1032 ap
1084 943 1228 1012 Hermu
1253 945 1363 1012 omnis
1385 950 1571 1012 tenementa
1595 969 1634 1012 ao

264 1105 372 1150 omnes
385 1087 488 1150 terras
502 1091 535 1150 et
549 1083 658 1150 omnia
670 1086 764 1171 prata
778 1105 840 1170 qne
860 1081 884 1150 J
885 1103 1024 1149 ravano
1037 1079 1137 1148 Teuc
1151 1103 1193 1168 ap
1209 1079 1384 1148 Wscusaa
1397 1105 1439 1170 ap
1454 1081 1631 1150 Gaurum

263 1223 300 1286 ut
320 1219 428 1306 majus
442 1219 558 1285 melius
572 1221 605 1284 et
622 1218 749 1306 plenius
762 1217 871 1305 jacent
885 1241 943 1306 per
957 1219 1107 1305 antiquas
1120 1223 1223 1285 metas
1237 1225 1271 1285 et
1284 1218 1410 1286 bundas
1424 1242 1499 1286 suas
1522 1271 1530 1288 .
1555 1271 1563 1288 .
1587 1271 1596 1288 .
1620 1271 1629 1288 .

261 1355 379 1444 ubique
393 1355 430 1422 iu
444 1355 587 1422 dominic
601 1377 673 1422 meo
692 1356 733 1422 de
751 1355 887 1424 Anca.
932 1353 1134 1422 Habendum
1155 1359 1189 1422 et
1209 1357 1387 1422 tenendum
1409 1358 1519 1425 omnia
1540 1362 1630 1424 tene·

259 1497 370 1560 menta
396 1499 499 1560 terras
525 1498 558 1559 et
582 1497 676 1580 prata
699 1491 844 1580 predicte
866 1515 940 1559 cum
965 1493 1115 1560 omnibns
1138 1495 1345 1581 pertinenciis
1369 1494 1435 1560 suis
1460 1496 1501 1561 de
1523 1517 1576 1562 ma
1598 1499 1631 1562 et

258 1629 431 1698 heredibus
459 1630 539 1696 meis
564 1629 632 1696 sive
657 1629 829 1718 assignetis
856 1629 998 1717 predicto
1021 1628 1046 1696 J
1047 1651 1206 1696 ravsano
1227 1635 1261 1697 et
1281 1629 1453 1697 heredibus
1477 1632 1631 1698 missiae

257 1769 431 1856 assignatis
459 1766 559 1834 libere
588 1766 695 1852 quiete
724 1765 806 1832 bene
834 1767 961 1854 integre
990 1771 1024 1834 et
1049 1767 1086 1832 in
1108 1789 1186 1854 pace
1202 1767 1277 1854 jure
1298 1767 1492 1836 hereditario
1512 1771 1631 1858 imper-

255 1911 403 1994 petuum.
449 1903 630 1971 Reddenda
650 1903 728 1970 inde
749 1903 918 1970 annuatim
940 1903 1023 1970 mihi
1044 1907 1078 1972 et
1099 1905 1270 1972 heredibus
1284 1907 1364 1973 meis
1377 1908 1444 1974 sive
1460 1908 1633 1994 amigdalis

255 2043 324 2130 ipse
350 2041 374 2109 J
377 2063 555 2108 navsunus
580 2044 614 2107 et
637 2039 770 2108 heredes
792 2041 843 2108 sui
868 2041 934 2108 sive
960 2042 1116 2130 asdgnati
1140 2044 1309 2112 duodecim
1331 2045 1478 2113 denarios
1502 2047 1632 2134 argenti

256 2180 428 2246 mnuetim
443 2181 485 2246 ad
500 2181 620 2248 fectum
635 2180 745 2248 Sancti
759 2179 956 2246 Mrcnsunrs
976 2179 1163 2268 archangeli
1184 2205 1243 2269 pro
1264 2181 1414 2249 omnibus
1436 2184 1575 2250 oerviciis
1596 2191 1630 2252 et

258 2317 456 2384 wculsribue
492 2319 668 2386 demendis
713 2317 779 2383 Pro
814 2315 875 2384 hac
910 2325 1021 2384 autem
1056 2339 1130 2384 mee
1165 2319 1340 2386 donacione
1370 2291 1568 2388 concessione
1597 2327 1631 2389 et

256 2457 414 2544 presentis
428 2461 515 2524 carte
528 2479 599 2524 mee
614 2455 856 2523 confirmacione
872 2457 962 2522 dedit
976 2455 1059 2522 mihi
1072 2457 1178 2523 dictus
1196 2454 1221 2522 J
1221 2477 1360 2522 nevero
1374 2481 1475 2524 unam
1488 2481 1631 2526 mercem

257 2593 487 2680 sterlingorum
501 2616 559 2681 pre
573 2592 722 2660 manibus
737 2592 858 2660 solutis.
903 2591 950 2659 Et
973 2613 1036 2680 ego
1050 2615 1125 2659 vero
1139 2593 1245 2659 dictam
1259 2591 1404 2660 Tuouac
1419 2593 1552 2660 heredes
1565 2595 1630 2662 mei

258 2730 324 2796 sive
339 2729 496 2816 assignati
510 2729 619 2796 omnia
631 2733 818 2796 tenemento
833 2728 978 2816 predicte
999 2751 1075 2796 cum
1097 2729 1246 2796 omnibus
1265 2730 1360 2796 terris
1380 2735 1414 2796 et
1435 2731 1536 2818 pratis
1556 2755 1628 2820 pre·

257 2867 351 2933 dietis
364 2867 507 2954 predicto
521 2865 546 2933 J
547 2887 703 2933 navanno
717 2889 759 2955 ap
773 2864 797 2933 J
798 2887 889 2932 uvas
907 2870 940 2933 et
959 2863 1130 2934 heredibus
1148 2867 1214 2934 suis
1235 2868 1302 2934 sive
1324 2869 1496 2954 assignetis
1517 2875 1629 2937 contra

257 3024 368 3069 omnes
392 3003 540 3070 homines
564 3007 597 3070 et
622 3003 760 3070 feminas
783 3000 1064 3086 warantizabimus
1087 3001 1340 3089 acquietabimus
1364 3015 1398 3071 et
1420 3005 1630 3072 defendemus

257 3141 504 3230 imperpetuum.
549 3141 593 3208 In
607 3143 701 3231 cujus
714 3143 762 3210 rei
776 3141 997 3210 testimonium
1012 3140 1089 3208 huic
1102 3142 1243 3228 presenti
1258 3147 1344 3210 carte
1359 3143 1504 3232 sigillum
1517 3165 1627 3212 meum

257 3280 398 3367 apposui.
445 3278 524 3346 Hiis
538 3278 674 3346 teetibm
686 3277 856 3347 Jousunn
870 3249 979 3346 Huua
993 3278 1165 3345 senescallo
1179 3301 1251 3346 meo
1265 3279 1396 3347 domino
1412 3277 1540 3346 Teroua
1560 3301 1627 3346 rec-

255 3420 324 3483 tore
338 3417 379 3483 de
392 3417 520 3483 Avsun
555 3415 579 3484 J
580 3438 672 3484 svau
688 3439 729 3505 ap
745 3415 931 3484 (lausanen
950 3415 992 3502 (P)
1019 3415 1188 3504 [Bouron]
1204 3415 1378 3484 bedellario
1415 3415 1628 3486 Wmnmnuo

257 3551 395 3622 (imru
439 3553 557 3621 Javsu
588 3575 629 3641 ap
657 3553 774 3621 Demo
801 3551 952 3622 Vacuau
1004 3551 1097 3621 Ruso
1125 3576 1167 3642 ap
1197 3605 1370 3623 ......
1399 3555 1514 3657 multis
1543 3555 1625 3622 aliis

253 3687 379 3756 Datum
394 3689 482 3776 apud
495 3687 623 3755 Avnun
644 3689 697 3756 die
718 3687 891 3756 Dcminica
912 3689 1060 3775 proxima
1080 3698 1153 3778 post
1173 3692 1291 3758 festum
1314 3691 1426 3758 Sancti
1447 3691 1626 3760 Jonsnurs

255 3830 330 3894 ente
350 3833 479 3914 portem
499 3823 665 3893 Larum
687 3847 773 3892 enno
793 3825 889 3914 regni
910 3823 1014 3913 Regis
1033 3825 1206 3892 Euwaacr
1225 3827 1314 3892 tertii
1328 3829 1401 3913 post
1415 3831 1626 3913 conquestum

253 3961 403 4028 vicesimo
424 3967 547 4049 quarto.

296 4124 368 4193 Tho
383 4125 521 4214 original
535 4127 563 4193 is
577 4123 674 4194 much
688 4125 830 4213 injurud,
846 4125 1015 4192 andoften
1030 4123 1208 4192 indistinot.
