<?xml version="1.0" encoding="UTF-8"?>
<!DOCTYPE html PUBLIC "-//W3C//DTD XHTML 1.0 Transitional//EN"
    "http://www.w3.org/TR/xhtml1/DTD/xhtml1-transitional.dtd">
<html xmlns="http://www.w3.org/1999/xhtml" xml:lang="en" lang="en">
 <head>
  <title>
</title>
<meta http-equiv="Content-Type" content="text/html;charset=utf-8" />
  <meta name='ocr-system' content='tesseract 3.04.00' />
  <meta name='ocr-capabilities' content='ocr_page ocr_carea ocr_par ocr_line ocrx_word'/>
</head>
<body>
  <div class='ocr_page' id='page_1' title='image "./cartetaliamunim01abbegoog_0259.png"; bbox 0 0 4009 5434; ppageno 0'>
   <div class='ocr_carea' id='block_1_1' title="bbox 413 709 479 775">
    <p class='ocr_par' dir='ltr' id='par_1_1' title="bbox 413 709 479 775">
     <span class='ocr_line' id='line_1_1' title="bbox 413 709 479 775; baseline -0.015 0"><span class='ocrx_word' id='word_1_1' title='bbox 413 709 479 775; x_wconf 76' lang='lat'><strong>240</strong></span> 
     </span>
    </p>
   </div>
   <div class='ocr_carea' id='block_1_2' title="bbox 392 1022 1769 1663">
    <p class='ocr_par' dir='ltr' id='par_1_2' title="bbox 392 1022 1769 1663">
     <span class='ocr_line' id='line_1_2' title="bbox 393 1022 1769 1113; baseline 0 -22"><span class='ocrx_word' id='word_1_2' title='bbox 393 1022 542 1111; x_wconf 85' lang='lat' dir='ltr'><strong>predonis</strong></span> <span class='ocrx_word' id='word_1_3' title='bbox 555 1024 641 1091; x_wconf 87' lang='lat' dir='ltr'><strong>dioto</strong></span> <span class='ocrx_word' id='word_1_4' title='bbox 660 1024 804 1092; x_wconf 84' lang='lat' dir='ltr'><strong>monerio</strong></span> <span class='ocrx_word' id='word_1_5' title='bbox 822 1023 1059 1113; x_wconf 82' lang='lat' dir='ltr'><strong>pertinentibus</strong></span> <span class='ocrx_word' id='word_1_6' title='bbox 1078 1029 1112 1092; x_wconf 89' lang='lat' dir='ltr'><strong>et</strong></span> <span class='ocrx_word' id='word_1_7' title='bbox 1131 1023 1348 1113; x_wconf 67' lang='lat' dir='ltr'><strong>spectantibus</strong></span> <span class='ocrx_word' id='word_1_8' title='bbox 1366 1025 1590 1113; x_wconf 76' lang='lat' dir='ltr'><strong>prenominato</strong></span> <span class='ocrx_word' id='word_1_9' title='bbox 1609 1024 1769 1093; x_wconf 75' lang='lat' dir='ltr'><strong>Hownso</strong></span> 
     </span>
     <span class='ocr_line' id='line_1_3' title="bbox 393 1160 1767 1252; baseline 0.002 -24"><span class='ocrx_word' id='word_1_10' title='bbox 393 1160 565 1229; x_wconf 83' lang='lat' dir='ltr'><strong>heredibus</strong></span> <span class='ocrx_word' id='word_1_11' title='bbox 587 1166 621 1229; x_wconf 89' lang='lat' dir='ltr'><strong>et</strong></span> <span class='ocrx_word' id='word_1_12' title='bbox 643 1162 815 1252; x_wconf 74' lang='lat' dir='ltr'><strong>assignetis</strong></span> <span class='ocrx_word' id='word_1_13' title='bbox 838 1162 904 1230; x_wconf 88' lang='lat' dir='ltr'><strong>suis</strong></span> <span class='ocrx_word' id='word_1_14' title='bbox 928 1164 1066 1230; x_wconf 86' lang='lat' dir='ltr'><strong>dnrsnte</strong></span> <span class='ocrx_word' id='word_1_15' title='bbox 1089 1162 1227 1231; x_wconf 88' lang='lat' dir='ltr'><strong>termino</strong></span> <span class='ocrx_word' id='word_1_16' title='bbox 1245 1163 1389 1252; x_wconf 86' lang='lat' dir='ltr'><strong>predioto</strong></span> <span class='ocrx_word' id='word_1_17' title='bbox 1407 1162 1589 1252; x_wconf 82' lang='lat' dir='ltr'><strong>nonegints</strong></span> <span class='ocrx_word' id='word_1_18' title='bbox 1607 1186 1767 1231; x_wconf 82' lang='lat' dir='ltr'><strong>annorum</strong></span> 
     </span>
     <span class='ocr_line' id='line_1_4' title="bbox 392 1299 1767 1390; baseline 0.001 -23"><span class='ocrx_word' id='word_1_19' title='bbox 392 1302 504 1367; x_wconf 78' lang='lat' dir='ltr'><strong>oontre</strong></span> <span class='ocrx_word' id='word_1_20' title='bbox 528 1322 639 1367; x_wconf 88' lang='lat' dir='ltr'><strong>omnes</strong></span> <span class='ocrx_word' id='word_1_21' title='bbox 661 1304 775 1388; x_wconf 83' lang='lat' dir='ltr'><strong>gentes</strong></span> <span class='ocrx_word' id='word_1_22' title='bbox 796 1300 1076 1369; x_wconf 82' lang='lat' dir='ltr'><strong>werentirebimus</strong></span> <span class='ocrx_word' id='word_1_23' title='bbox 1101 1304 1134 1369; x_wconf 91' lang='lat' dir='ltr'><strong>et</strong></span> <span class='ocrx_word' id='word_1_24' title='bbox 1156 1300 1376 1369; x_wconf 83' lang='lat' dir='ltr'><strong>defendemus.</strong></span> <span class='ocrx_word' id='word_1_25' title='bbox 1420 1299 1464 1368; x_wconf 94' lang='lat' dir='ltr'><strong>In</strong></span> <span class='ocrx_word' id='word_1_26' title='bbox 1487 1301 1582 1390; x_wconf 84' lang='lat' dir='ltr'><strong>oujns</strong></span> <span class='ocrx_word' id='word_1_27' title='bbox 1605 1301 1654 1369; x_wconf 89' lang='lat' dir='ltr'><strong>roi</strong></span> <span class='ocrx_word' id='word_1_28' title='bbox 1676 1300 1767 1369; x_wconf 83' lang='lat' dir='ltr'><strong>testi·</strong></span> 
     </span>
     <span class='ocr_line' id='line_1_5' title="bbox 393 1436 1768 1527; baseline 0.002 -24"><span class='ocrx_word' id='word_1_29' title='bbox 393 1436 540 1504; x_wconf 89' lang='lat' dir='ltr'><strong>monium</strong></span> <span class='ocrx_word' id='word_1_30' title='bbox 565 1436 711 1525; x_wconf 60' lang='lat' dir='ltr'><strong>sign&#39;dnm</strong></span> <span class='ocrx_word' id='word_1_31' title='bbox 732 1442 879 1505; x_wconf 87' lang='lat' dir='ltr'><strong>nostrum</strong></span> <span class='ocrx_word' id='word_1_32' title='bbox 901 1459 965 1526; x_wconf 89' lang='lat' dir='ltr'><strong>quo</strong></span> <span class='ocrx_word' id='word_1_33' title='bbox 985 1437 1111 1505; x_wconf 89' lang='lat' dir='ltr'><strong>utimur</strong></span> <span class='ocrx_word' id='word_1_34' title='bbox 1131 1438 1174 1505; x_wconf 85' lang='lat' dir='ltr'><strong>ed</strong></span> <span class='ocrx_word' id='word_1_35' title='bbox 1195 1460 1305 1507; x_wconf 83' lang='lat' dir='ltr'><strong>nenses</strong></span> <span class='ocrx_word' id='word_1_36' title='bbox 1327 1439 1468 1526; x_wconf 76' lang='lat' dir='ltr'><strong>presenti</strong></span> <span class='ocrx_word' id='word_1_37' title='bbox 1491 1439 1609 1527; x_wconf 83' lang='lat' dir='ltr'><strong>soripto</strong></span> <span class='ocrx_word' id='word_1_38' title='bbox 1631 1438 1768 1506; x_wconf 75' lang='lat' dir='ltr'><strong>fecimus</strong></span> 
     </span>
     <span class='ocr_line' id='line_1_6' title="bbox 393 1573 1766 1663; baseline 0.003 -24"><span class='ocrx_word' id='word_1_39' title='bbox 393 1573 522 1661; x_wconf 82' lang='lat' dir='ltr'><strong>apponi</strong></span> <span class='ocrx_word' id='word_1_40' title='bbox 566 1574 692 1643; x_wconf 76' lang='lat' dir='ltr'><strong>Datum</strong></span> <span class='ocrx_word' id='word_1_41' title='bbox 727 1576 815 1663; x_wconf 87' lang='lat' dir='ltr'><strong>epnd</strong></span> <span class='ocrx_word' id='word_1_42' title='bbox 850 1574 996 1642; x_wconf 75' lang='lat' dir='ltr'><strong>Lernen</strong></span> <span class='ocrx_word' id='word_1_43' title='bbox 1034 1576 1148 1663; x_wconf 90' lang='lat' dir='ltr'><strong>quinto</strong></span> <span class='ocrx_word' id='word_1_44' title='bbox 1184 1576 1238 1643; x_wconf 89' lang='lat' dir='ltr'><strong>die</strong></span> <span class='ocrx_word' id='word_1_45' title='bbox 1268 1576 1387 1645; x_wconf 88' lang='lat' dir='ltr'><strong>mensis</strong></span> <span class='ocrx_word' id='word_1_46' title='bbox 1415 1575 1499 1644; x_wconf 88' lang='lat' dir='ltr'><strong>Julii</strong></span> <span class='ocrx_word' id='word_1_47' title='bbox 1528 1598 1614 1645; x_wconf 82' lang='lat' dir='ltr'><strong>enno</strong></span> <span class='ocrx_word' id='word_1_48' title='bbox 1642 1575 1766 1644; x_wconf 91' lang='lat' dir='ltr'><strong>domini</strong></span> 
     </span>
    </p>
   </div>
   <div class='ocr_carea' id='block_1_3' title="bbox 392 1708 1762 1805">
    <p class='ocr_par' dir='ltr' id='par_1_3' title="bbox 392 1708 1762 1805">
     <span class='ocr_line' id='line_1_7' title="bbox 392 1708 1762 1805; baseline 0.001 -26"><span class='ocrx_word' id='word_1_49' title='bbox 392 1708 564 1779; x_wconf 84' lang='lat' dir='ltr'><strong>millesimo</strong></span> <span class='ocrx_word' id='word_1_50' title='bbox 599 1710 733 1781; x_wconf 90' lang='lat' dir='ltr'><strong>oooo’mo</strong></span> <span class='ocrx_word' id='word_1_51' title='bbox 769 1712 977 1802; x_wconf 81' lang='lat' dir='ltr'><strong>nonogesimo</strong></span> <span class='ocrx_word' id='word_1_52' title='bbox 1013 1712 1112 1782; x_wconf 83' lang='lat' dir='ltr'><strong>ix’no.</strong></span> <span class='ocrx_word' id='word_1_53' title='bbox 1157 1714 1206 1782; x_wconf 80' lang='lat' dir='ltr'><strong>Et</strong></span> <span class='ocrx_word' id='word_1_54' title='bbox 1238 1738 1324 1783; x_wconf 83' lang='lat' dir='ltr'><strong>enno</strong></span> <span class='ocrx_word' id='word_1_55' title='bbox 1353 1714 1448 1803; x_wconf 76' lang='lat' dir='ltr'><strong>regni</strong></span> <span class='ocrx_word' id='word_1_56' title='bbox 1477 1714 1580 1805; x_wconf 79' lang='lat' dir='ltr'><strong>Regis</strong></span> <span class='ocrx_word' id='word_1_57' title='bbox 1607 1714 1762 1782; x_wconf 82' lang='lat' dir='ltr'><strong>Hnunror</strong></span> 
     </span>
    </p>
   </div>
   <div class='ocr_carea' id='block_1_4' title="bbox 392 1847 1833 3447">
    <p class='ocr_par' dir='ltr' id='par_1_4' title="bbox 393 1847 1591 1937">
     <span class='ocr_line' id='line_1_8' title="bbox 393 1847 1591 1937; baseline 0.004 -22"><span class='ocrx_word' id='word_1_58' title='bbox 393 1847 522 1935; x_wconf 81' lang='lat' dir='ltr'><strong>septimi</strong></span> <span class='ocrx_word' id='word_1_59' title='bbox 543 1853 658 1937; x_wconf 76' lang='lat' dir='ltr'><strong>qumrto</strong></span> <span class='ocrx_word' id='word_1_60' title='bbox 679 1850 803 1918; x_wconf 85' lang='lat' dir='ltr'><strong>deoimo</strong></span> <span class='ocrx_word' id='word_1_61' title='bbox 825 1854 858 1918; x_wconf 94' lang='lat' dir='ltr'><strong>et</strong></span> <span class='ocrx_word' id='word_1_62' title='bbox 878 1854 987 1918; x_wconf 91' lang='lat' dir='ltr'><strong>nostre</strong></span> <span class='ocrx_word' id='word_1_63' title='bbox 1009 1851 1255 1919; x_wconf 87' lang='lat' dir='ltr'><strong>oonseoreoionis</strong></span> <span class='ocrx_word' id='word_1_64' title='bbox 1276 1874 1362 1919; x_wconf 83' lang='lat' dir='ltr'><strong>enno</strong></span> <span class='ocrx_word' id='word_1_65' title='bbox 1383 1850 1491 1919; x_wconf 82' lang='lat' dir='ltr'><strong>tersio.</strong></span> <span class='ocrx_word' id='word_1_66' title='bbox 1587 1894 1591 1903; x_wconf 83' lang='lat'><strong>·</strong></span> 
     </span>
    </p>

    <p class='ocr_par' dir='ltr' id='par_1_5' title="bbox 392 1984 1833 3309">
     <span class='ocr_line' id='line_1_9' title="bbox 438 1984 1833 2083; baseline -0.003 -24"><span class='ocrx_word' id='word_1_67' title='bbox 438 1984 529 2059; x_wconf 75' lang='lat' dir='ltr'><strong>Ques</strong></span> <span class='ocrx_word' id='word_1_68' title='bbox 542 1986 674 2072; x_wconf 89' lang='lat' dir='ltr'><strong>quidem</strong></span> <span class='ocrx_word' id='word_1_69' title='bbox 688 1988 920 2055; x_wconf 90' lang='lat' dir='ltr'><strong>oonoessionem</strong></span> <span class='ocrx_word' id='word_1_70' title='bbox 930 1987 1141 2056; x_wconf 81' lang='lat' dir='ltr'><strong>tredioionsm</strong></span> <span class='ocrx_word' id='word_1_71' title='bbox 1152 1992 1186 2055; x_wconf 89' lang='lat' dir='ltr'><strong>et</strong></span> <span class='ocrx_word' id='word_1_72' title='bbox 1196 1988 1414 2057; x_wconf 87' lang='lat' dir='ltr'><strong>dimissionem</strong></span> <span class='ocrx_word' id='word_1_73' title='bbox 1424 1988 1520 2055; x_wconf 91' lang='lat' dir='ltr'><strong>modo</strong></span> <span class='ocrx_word' id='word_1_74' title='bbox 1531 2009 1596 2075; x_wconf 89' lang='lat' dir='ltr'><strong>qno</strong></span> <span class='ocrx_word' id='word_1_75' title='bbox 1606 1986 1766 2075; x_wconf 74' lang='lat' dir='ltr'><strong>prefertur</strong></span> <span class='ocrx_word' id='word_1_76' title='bbox 1827 2068 1833 2083; x_wconf 36' lang='grc' dir='ltr'>ι</span> 
     </span>
     <span class='ocr_line' id='line_1_10' title="bbox 392 2121 1764 2213; baseline 0.001 -24"><span class='ocrx_word' id='word_1_77' title='bbox 392 2121 514 2189; x_wconf 80' lang='lat' dir='ltr'><strong>ieotem</strong></span> <span class='ocrx_word' id='word_1_78' title='bbox 527 2122 624 2191; x_wconf 86' lang='lat' dir='ltr'><strong>utiles</strong></span> <span class='ocrx_word' id='word_1_79' title='bbox 642 2124 712 2192; x_wconf 81' lang='lat' dir='ltr'><strong>iore</strong></span> <span class='ocrx_word' id='word_1_80' title='bbox 731 2129 923 2213; x_wconf 74' lang='lat' dir='ltr'><strong>reputentur</strong></span> <span class='ocrx_word' id='word_1_81' title='bbox 941 2125 1062 2212; x_wconf 74' lang='lat' dir='ltr'><strong>pariter</strong></span> <span class='ocrx_word' id='word_1_82' title='bbox 1081 2130 1115 2193; x_wconf 89' lang='lat' dir='ltr'><strong>et</strong></span> <span class='ocrx_word' id='word_1_83' title='bbox 1132 2126 1265 2193; x_wconf 82' lang='lat' dir='ltr'><strong>honeste</strong></span> <span class='ocrx_word' id='word_1_84' title='bbox 1285 2148 1322 2193; x_wconf 89' lang='lat' dir='ltr'><strong>ee</strong></span> <span class='ocrx_word' id='word_1_85' title='bbox 1340 2125 1376 2193; x_wconf 90' lang='lat' dir='ltr'><strong>in</strong></span> <span class='ocrx_word' id='word_1_86' title='bbox 1395 2124 1487 2192; x_wconf 91' lang='lat' dir='ltr'><strong>nnllo</strong></span> <span class='ocrx_word' id='word_1_87' title='bbox 1505 2123 1599 2192; x_wconf 85' lang='lat' dir='ltr'><strong>nobie</strong></span> <span class='ocrx_word' id='word_1_88' title='bbox 1618 2127 1676 2192; x_wconf 85' lang='lat' dir='ltr'><strong>eut</strong></span> <span class='ocrx_word' id='word_1_89' title='bbox 1696 2146 1764 2191; x_wconf 84' lang='lat' dir='ltr'><strong>suo·</strong></span> 
     </span>
     <span class='ocr_line' id='line_1_11' title="bbox 393 2258 1763 2351; baseline 0 -24"><span class='ocrx_word' id='word_1_90' title='bbox 393 2258 568 2328; x_wconf 74' lang='lat' dir='ltr'><strong>oomoribus</strong></span> <span class='ocrx_word' id='word_1_91' title='bbox 583 2262 701 2329; x_wconf 80' lang='lat' dir='ltr'><strong>nestris</strong></span> <span class='ocrx_word' id='word_1_92' title='bbox 718 2262 944 2351; x_wconf 84' lang='lat' dir='ltr'><strong>prejudioieles</strong></span> <span class='ocrx_word' id='word_1_93' title='bbox 962 2266 1104 2331; x_wconf 71' lang='lat' dir='ltr'><strong>beotetu</strong></span> <span class='ocrx_word' id='word_1_94' title='bbox 1122 2262 1207 2331; x_wconf 81' lang='lat' dir='ltr'><strong>inter</strong></span> <span class='ocrx_word' id='word_1_95' title='bbox 1224 2286 1284 2331; x_wconf 91' lang='lat' dir='ltr'><strong>nos</strong></span> <span class='ocrx_word' id='word_1_96' title='bbox 1303 2262 1339 2329; x_wconf 91' lang='lat' dir='ltr'><strong>in</strong></span> <span class='ocrx_word' id='word_1_97' title='bbox 1358 2264 1454 2330; x_wconf 90' lang='lat' dir='ltr'><strong>domo</strong></span> <span class='ocrx_word' id='word_1_98' title='bbox 1472 2264 1583 2329; x_wconf 74' lang='lat' dir='ltr'><strong>nostre</strong></span> <span class='ocrx_word' id='word_1_99' title='bbox 1598 2259 1763 2348; x_wconf 82' lang='lat' dir='ltr'><strong>oepitnlsd</strong></span> 
     </span>
     <span class='ocr_line' id='line_1_12' title="bbox 393 2396 1763 2488; baseline -0.001 -23"><span class='ocrx_word' id='word_1_100' title='bbox 393 2396 636 2465; x_wconf 81' lang='lat' dir='ltr'><strong>Leunsvnusrs</strong></span> <span class='ocrx_word' id='word_1_101' title='bbox 665 2420 764 2487; x_wconf 81' lang='lat' dir='ltr'><strong>quom</strong></span> <span class='ocrx_word' id='word_1_102' title='bbox 792 2400 829 2467; x_wconf 89' lang='lat' dir='ltr'><strong>in</strong></span> <span class='ocrx_word' id='word_1_103' title='bbox 858 2398 1047 2488; x_wconf 84' lang='lat' dir='ltr'><strong>hujusmodi</strong></span> <span class='ocrx_word' id='word_1_104' title='bbox 1078 2400 1276 2469; x_wconf 87' lang='lat' dir='ltr'><strong>oonoessione</strong></span> <span class='ocrx_word' id='word_1_105' title='bbox 1308 2399 1485 2467; x_wconf 86' lang='lat' dir='ltr'><strong>tredioione</strong></span> <span class='ocrx_word' id='word_1_106' title='bbox 1520 2403 1553 2466; x_wconf 86' lang='lat' dir='ltr'><strong>et</strong></span> <span class='ocrx_word' id='word_1_107' title='bbox 1582 2397 1763 2465; x_wconf 86' lang='lat' dir='ltr'><strong>dimissione</strong></span> 
     </span>
     <span class='ocr_line' id='line_1_13' title="bbox 393 2532 1763 2624; baseline -0.001 -21"><span class='ocrx_word' id='word_1_108' title='bbox 393 2533 569 2622; x_wconf 84' lang='lat' dir='ltr'><strong>requiritur</strong></span> <span class='ocrx_word' id='word_1_109' title='bbox 583 2536 689 2623; x_wconf 85' lang='lat' dir='ltr'><strong>sepius</strong></span> <span class='ocrx_word' id='word_1_110' title='bbox 702 2535 871 2624; x_wconf 72' lang='lat' dir='ltr'><strong>prehabito</strong></span> <span class='ocrx_word' id='word_1_111' title='bbox 883 2536 994 2604; x_wconf 82' lang='lat' dir='ltr'><strong>litores</strong></span> <span class='ocrx_word' id='word_1_112' title='bbox 1008 2538 1216 2605; x_wconf 85' lang='lat' dir='ltr'><strong>oonoessionis</strong></span> <span class='ocrx_word' id='word_1_113' title='bbox 1234 2535 1420 2605; x_wconf 76' lang='lat' dir='ltr'><strong>tredioionis</strong></span> <span class='ocrx_word' id='word_1_114' title='bbox 1438 2540 1473 2603; x_wconf 90' lang='lat' dir='ltr'><strong>et</strong></span> <span class='ocrx_word' id='word_1_115' title='bbox 1491 2536 1686 2604; x_wconf 85' lang='lat' dir='ltr'><strong>dimissionis</strong></span> <span class='ocrx_word' id='word_1_116' title='bbox 1706 2532 1763 2601; x_wconf 87' lang='lat' dir='ltr'><strong>sub</strong></span> 
     </span>
     <span class='ocr_line' id='line_1_14' title="bbox 394 2670 1764 2762; baseline -0.001 -24"><span class='ocrx_word' id='word_1_117' title='bbox 394 2671 501 2739; x_wconf 82' lang='lat' dir='ltr'><strong>forms</strong></span> <span class='ocrx_word' id='word_1_118' title='bbox 513 2670 550 2739; x_wconf 92' lang='lat' dir='ltr'><strong>in</strong></span> <span class='ocrx_word' id='word_1_119' title='bbox 563 2671 650 2740; x_wconf 87' lang='lat' dir='ltr'><strong>dioto</strong></span> <span class='ocrx_word' id='word_1_120' title='bbox 665 2673 782 2761; x_wconf 85' lang='lat' dir='ltr'><strong>seripto</strong></span> <span class='ocrx_word' id='word_1_121' title='bbox 797 2678 948 2742; x_wconf 83' lang='lat' dir='ltr'><strong>eontente</strong></span> <span class='ocrx_word' id='word_1_122' title='bbox 962 2674 1176 2762; x_wconf 82' lang='lat' dir='ltr'><strong>approbemus</strong></span> <span class='ocrx_word' id='word_1_123' title='bbox 1189 2673 1385 2742; x_wconf 83' lang='lat' dir='ltr'><strong>rotifloemns</strong></span> <span class='ocrx_word' id='word_1_124' title='bbox 1398 2678 1432 2742; x_wconf 88' lang='lat' dir='ltr'><strong>et</strong></span> <span class='ocrx_word' id='word_1_125' title='bbox 1451 2676 1611 2761; x_wconf 76' lang='lat' dir='ltr'><strong>qnantum</strong></span> <span class='ocrx_word' id='word_1_126' title='bbox 1625 2672 1661 2740; x_wconf 90' lang='lat' dir='ltr'><strong>in</strong></span> <span class='ocrx_word' id='word_1_127' title='bbox 1673 2670 1764 2739; x_wconf 83' lang='lat' dir='ltr'><strong>nobis</strong></span> 
     </span>
     <span class='ocr_line' id='line_1_15' title="bbox 394 2809 1761 2898; baseline 0.001 -23"><span class='ocrx_word' id='word_1_128' title='bbox 394 2811 443 2875; x_wconf 86' lang='lat' dir='ltr'><strong>est</strong></span> <span class='ocrx_word' id='word_1_129' title='bbox 467 2812 577 2877; x_wconf 82' lang='lat' dir='ltr'><strong>tenore</strong></span> <span class='ocrx_word' id='word_1_130' title='bbox 601 2810 802 2897; x_wconf 89' lang='lat' dir='ltr'><strong>presenoinm</strong></span> <span class='ocrx_word' id='word_1_131' title='bbox 827 2810 1060 2878; x_wconf 76' lang='lat' dir='ltr'><strong>senfin-memus.</strong></span> <span class='ocrx_word' id='word_1_132' title='bbox 1107 2810 1151 2878; x_wconf 94' lang='lat' dir='ltr'><strong>In</strong></span> <span class='ocrx_word' id='word_1_133' title='bbox 1176 2810 1271 2898; x_wconf 77' lang='lat' dir='ltr'><strong>ouius</strong></span> <span class='ocrx_word' id='word_1_134' title='bbox 1294 2811 1342 2877; x_wconf 89' lang='lat' dir='ltr'><strong>rei</strong></span> <span class='ocrx_word' id='word_1_135' title='bbox 1370 2809 1593 2879; x_wconf 86' lang='lat' dir='ltr'><strong>testimonium</strong></span> <span class='ocrx_word' id='word_1_136' title='bbox 1622 2809 1761 2897; x_wconf 78' lang='lat' dir='ltr'><strong>sigillum</strong></span> 
     </span>
     <span class='ocr_line' id='line_1_16' title="bbox 393 2946 1763 3036; baseline 0 -23"><span class='ocrx_word' id='word_1_137' title='bbox 393 2948 541 3014; x_wconf 69' lang='lat' dir='ltr'><strong>noenum</strong></span> <span class='ocrx_word' id='word_1_138' title='bbox 549 2968 719 3015; x_wconf 89' lang='lat' dir='ltr'><strong>eommnne</strong></span> <span class='ocrx_word' id='word_1_139' title='bbox 729 2948 930 3035; x_wconf 88' lang='lat' dir='ltr'><strong>presentibus</strong></span> <span class='ocrx_word' id='word_1_140' title='bbox 938 2948 1092 3015; x_wconf 86' lang='lat' dir='ltr'><strong>duximus</strong></span> <span class='ocrx_word' id='word_1_141' title='bbox 1102 2949 1338 3036; x_wconf 76' lang='lat' dir='ltr'><strong>opponendum</strong></span> <span class='ocrx_word' id='word_1_142' title='bbox 1373 2946 1650 3015; x_wconf 87' lang='lat' dir='ltr'><strong>Detumindomo</strong></span> <span class='ocrx_word' id='word_1_143' title='bbox 1657 2949 1763 3013; x_wconf 82' lang='lat' dir='ltr'><strong>nostre</strong></span> 
     </span>
     <span class='ocr_line' id='line_1_17' title="bbox 394 3082 1763 3171; baseline -0.001 -20"><span class='ocrx_word' id='word_1_144' title='bbox 394 3082 564 3171; x_wconf 81' lang='lat' dir='ltr'><strong>oepitrderi</strong></span> <span class='ocrx_word' id='word_1_145' title='bbox 591 3083 819 3152; x_wconf 72' lang='lat' dir='ltr'><strong>Isunsvnusr</strong></span> <span class='ocrx_word' id='word_1_146' title='bbox 849 3085 1022 3155; x_wconf 76' lang='lat' dir='ltr'><strong>sertodie</strong></span> <span class='ocrx_word' id='word_1_147' title='bbox 1054 3085 1174 3153; x_wconf 90' lang='lat' dir='ltr'><strong>mensis</strong></span> <span class='ocrx_word' id='word_1_148' title='bbox 1205 3084 1289 3153; x_wconf 84' lang='lat' dir='ltr'><strong>Jnlii</strong></span> <span class='ocrx_word' id='word_1_149' title='bbox 1317 3106 1403 3153; x_wconf 84' lang='lat' dir='ltr'><strong>enno</strong></span> <span class='ocrx_word' id='word_1_150' title='bbox 1437 3084 1563 3153; x_wconf 88' lang='lat' dir='ltr'><strong>domini</strong></span> <span class='ocrx_word' id='word_1_151' title='bbox 1597 3083 1763 3152; x_wconf 88' lang='lat' dir='ltr'><strong>millesimo</strong></span> 
     </span>
     <span class='ocr_line' id='line_1_18' title="bbox 394 3202 1570 3309; baseline 0.002 -21"><span class='ocrx_word' id='word_1_152' title='bbox 394 3218 528 3289; x_wconf 90' lang='lat' dir='ltr'><strong>oeoo&#39;mo</strong></span> <span class='ocrx_word' id='word_1_153' title='bbox 548 3221 758 3309; x_wconf 79' lang='lat' dir='ltr'><strong>nonogesimo</strong></span> <span class='ocrx_word' id='word_1_154' title='bbox 777 3243 874 3290; x_wconf 89' lang='lat' dir='ltr'><strong>nono.</strong></span> <span class='ocrx_word' id='word_1_155' title='bbox 1568 3202 1570 3211; x_wconf 15' lang='grc' dir='ltr'><em>Α</em></span> 
     </span>
    </p>

    <p class='ocr_par' dir='ltr' id='par_1_6' title="bbox 437 3356 628 3447">
     <span class='ocr_line' id='line_1_19' title="bbox 437 3356 628 3447; baseline -0.005 -21"><span class='ocrx_word' id='word_1_156' title='bbox 437 3356 513 3426; x_wconf 80' lang='lat' dir='ltr'><strong>Seel</strong></span> <span class='ocrx_word' id='word_1_157' title='bbox 533 3381 628 3447; x_wconf 77' lang='lat' dir='ltr'><strong>gone.</strong></span> 
     </span>
    </p>
   </div>
   <div class='ocr_carea' id='block_1_5' title="bbox 402 3493 1755 3700">
    <p class='ocr_par' dir='ltr' id='par_1_7' title="bbox 402 3493 1755 3700">
     <span class='ocr_line' id='line_1_20' title="bbox 446 3493 1755 3556; baseline -0.002 -14"><span class='ocrx_word' id='word_1_158' title='bbox 446 3493 541 3555; x_wconf 84' lang='lat' dir='ltr'><strong>Btehop</strong></span> <span class='ocrx_word' id='word_1_159' title='bbox 551 3493 619 3543; x_wconf 78' lang='lat' dir='ltr'><strong>John</strong></span> <span class='ocrx_word' id='word_1_160' title='bbox 630 3494 745 3556; x_wconf 72' lang='lat' dir='ltr'><strong>Ingleby,</strong></span> <span class='ocrx_word' id='word_1_161' title='bbox 754 3494 838 3543; x_wconf 75' lang='lat' dir='ltr'><strong>whose</strong></span> <span class='ocrx_word' id='word_1_162' title='bbox 847 3495 913 3543; x_wconf 87' lang='lat' dir='ltr'><strong>leeee</strong></span> <span class='ocrx_word' id='word_1_163' title='bbox 923 3496 951 3543; x_wconf 83' lang='lat' dir='ltr'><strong>ot</strong></span> <span class='ocrx_word' id='word_1_164' title='bbox 966 3494 1035 3545; x_wconf 77' lang='lat' dir='ltr'><strong>Nesh</strong></span> <span class='ocrx_word' id='word_1_165' title='bbox 1045 3497 1066 3544; x_wconf 87' lang='lat' dir='ltr'><strong>is</strong></span> <span class='ocrx_word' id='word_1_166' title='bbox 1076 3496 1168 3545; x_wconf 85' lang='lat' dir='ltr'><strong>reeited</strong></span> <span class='ocrx_word' id='word_1_167' title='bbox 1178 3496 1227 3545; x_wconf 81' lang='lat' dir='ltr'><strong>end</strong></span> <span class='ocrx_word' id='word_1_168' title='bbox 1242 3496 1376 3545; x_wconf 83' lang='lat' dir='ltr'><strong>oonfirmed</strong></span> <span class='ocrx_word' id='word_1_169' title='bbox 1390 3496 1417 3545; x_wconf 89' lang='lat' dir='ltr'><strong>in</strong></span> <span class='ocrx_word' id='word_1_170' title='bbox 1432 3496 1475 3545; x_wconf 86' lang='lat' dir='ltr'><strong>the</strong></span> <span class='ocrx_word' id='word_1_171' title='bbox 1490 3496 1570 3545; x_wconf 82' lang='lat' dir='ltr'><strong>ebore</strong></span> <span class='ocrx_word' id='word_1_172' title='bbox 1584 3494 1694 3553; x_wconf 67' lang='lat' dir='ltr'><strong>tiburtes,</strong></span> <span class='ocrx_word' id='word_1_173' title='bbox 1708 3507 1755 3541; x_wconf 79' lang='lat' dir='ltr'><strong>wer</strong></span> 
     </span>
     <span class='ocr_line' id='line_1_21' title="bbox 402 3564 1755 3629; baseline -0.001 -16"><span class='ocrx_word' id='word_1_174' title='bbox 402 3564 475 3614; x_wconf 81' lang='lat' dir='ltr'><strong>Prior</strong></span> <span class='ocrx_word' id='word_1_175' title='bbox 485 3566 513 3614; x_wconf 82' lang='lat' dir='ltr'><strong>ot</strong></span> <span class='ocrx_word' id='word_1_176' title='bbox 527 3566 615 3627; x_wconf 78' lang='lat' dir='ltr'><strong>Sbens,</strong></span> <span class='ocrx_word' id='word_1_177' title='bbox 625 3568 675 3615; x_wconf 84' lang='lat' dir='ltr'><strong>end</strong></span> <span class='ocrx_word' id='word_1_178' title='bbox 684 3568 819 3628; x_wconf 71' lang='lat' dir='ltr'><strong>appointed</strong></span> <span class='ocrx_word' id='word_1_179' title='bbox 830 3572 857 3615; x_wconf 85' lang='lat' dir='ltr'><strong>to</strong></span> <span class='ocrx_word' id='word_1_180' title='bbox 867 3568 984 3616; x_wconf 76' lang='lat' dir='ltr'><strong>Llendeff</strong></span> <span class='ocrx_word' id='word_1_181' title='bbox 998 3569 1047 3616; x_wconf 73' lang='lat' dir='ltr'><strong>tnd</strong></span> <span class='ocrx_word' id='word_1_182' title='bbox 1057 3568 1207 3629; x_wconf 81' lang='lat' dir='ltr'><strong>September,</strong></span> <span class='ocrx_word' id='word_1_183' title='bbox 1218 3570 1283 3617; x_wconf 72' lang='lat' dir='ltr'><strong>lese.</strong></span> <span class='ocrx_word' id='word_1_184' title='bbox 1314 3568 1393 3617; x_wconf 79' lang='lat' dir='ltr'><strong>Cerne</strong></span> <span class='ocrx_word' id='word_1_185' title='bbox 1403 3569 1448 3617; x_wconf 79' lang='lat' dir='ltr'><strong>hee</strong></span> <span class='ocrx_word' id='word_1_186' title='bbox 1457 3568 1583 3629; x_wconf 80' lang='lat' dir='ltr'><strong>evidently</strong></span> <span class='ocrx_word' id='word_1_187' title='bbox 1594 3568 1686 3629; x_wconf 83' lang='lat' dir='ltr'><strong>pushed</strong></span> <span class='ocrx_word' id='word_1_188' title='bbox 1696 3568 1755 3613; x_wconf 81' lang='lat' dir='ltr'><strong>tore</strong></span> 
     </span>
     <span class='ocr_line' id='line_1_22' title="bbox 404 3637 1309 3700; baseline 0.004 -15"><span class='ocrx_word' id='word_1_189' title='bbox 404 3637 466 3699; x_wconf 68' lang='lat' dir='ltr'><strong>long</strong></span> <span class='ocrx_word' id='word_1_190' title='bbox 474 3641 545 3699; x_wconf 85' lang='lat' dir='ltr'><strong>term,</strong></span> <span class='ocrx_word' id='word_1_191' title='bbox 556 3638 582 3685; x_wconf 89' lang='lat' dir='ltr'><strong>tn</strong></span> <span class='ocrx_word' id='word_1_192' title='bbox 592 3639 636 3686; x_wconf 85' lang='lat' dir='ltr'><strong>the</strong></span> <span class='ocrx_word' id='word_1_193' title='bbox 646 3638 710 3699; x_wconf 83' lang='lat' dir='ltr'><strong>hope</strong></span> <span class='ocrx_word' id='word_1_194' title='bbox 720 3640 747 3687; x_wconf 86' lang='lat' dir='ltr'><strong>of</strong></span> <span class='ocrx_word' id='word_1_195' title='bbox 762 3640 911 3700; x_wconf 74' lang='lat' dir='ltr'><strong>eonverttng</strong></span> <span class='ocrx_word' id='word_1_196' title='bbox 919 3639 959 3687; x_wconf 85' lang='lat' dir='ltr'><strong>his</strong></span> <span class='ocrx_word' id='word_1_197' title='bbox 968 3639 1092 3688; x_wconf 77' lang='lat' dir='ltr'><strong>leesehold</strong></span> <span class='ocrx_word' id='word_1_198' title='bbox 1102 3640 1156 3688; x_wconf 80' lang='lat' dir='ltr'><strong>into</strong></span> <span class='ocrx_word' id='word_1_199' title='bbox 1166 3654 1181 3687; x_wconf 81' lang='lat' dir='ltr'><strong>e</strong></span> <span class='ocrx_word' id='word_1_200' title='bbox 1191 3640 1309 3689; x_wconf 83' lang='lat' dir='ltr'><strong>treehold.</strong></span> 
     </span>
    </p>
   </div>
   <div class='ocr_carea' id='block_1_6' title="bbox 883 3845 1167 3930">
    <p class='ocr_par' dir='ltr' id='par_1_8' title="bbox 883 3845 1167 3930">
     <span class='ocr_line' id='line_1_23' title="bbox 883 3845 1167 3930; baseline 0 -1"><span class='ocrx_word' id='word_1_201' title='bbox 883 3845 886 3853; x_wconf 42' lang='lat'><strong>¹</strong></span> <span class='ocrx_word' id='word_1_202' title='bbox 995 3860 1167 3930; x_wconf 71' lang='lat' dir='ltr'><strong>ocum.</strong></span> 
     </span>
    </p>
   </div>
   <div class='ocr_carea' id='block_1_7' title="bbox 393 3993 1763 4193">
    <p class='ocr_par' dir='ltr' id='par_1_9' title="bbox 393 3993 1763 4193">
     <span class='ocr_line' id='line_1_24' title="bbox 393 3993 1763 4069; baseline -0.002 -4"><span class='ocrx_word' id='word_1_203' title='bbox 393 3995 557 4066; x_wconf 75' lang='lat' dir='ltr'><strong>GRANT</strong></span> <span class='ocrx_word' id='word_1_204' title='bbox 593 3997 661 4066; x_wconf 88' lang='lat' dir='ltr'><strong>BY</strong></span> <span class='ocrx_word' id='word_1_205' title='bbox 695 3996 895 4067; x_wconf 83' lang='lat' dir='ltr'><strong>JANKYN</strong></span> <span class='ocrx_word' id='word_1_206' title='bbox 936 3996 1148 4067; x_wconf 82' lang='lat' dir='ltr'><strong>DAUKYN</strong></span> <span class='ocrx_word' id='word_1_207' title='bbox 1190 3998 1249 4066; x_wconf 85' lang='grc' dir='ltr'><strong>ΤΟ</strong></span> <span class='ocrx_word' id='word_1_208' title='bbox 1291 3996 1446 4069; x_wconf 82' lang='lat' dir='ltr'><strong>DAVID</strong></span> <span class='ocrx_word' id='word_1_209' title='bbox 1488 3998 1552 4067; x_wconf 86' lang='grc' dir='ltr'><strong>ΔΡ</strong></span> <span class='ocrx_word' id='word_1_210' title='bbox 1595 3993 1763 4066; x_wconf 73' lang='lat' dir='ltr'>HERRY</span> 
     </span>
     <span class='ocr_line' id='line_1_25' title="bbox 433 4120 1725 4193; baseline -0.002 -4"><span class='ocrx_word' id='word_1_211' title='bbox 433 4120 537 4189; x_wconf 83' lang='lat' dir='ltr'><strong>AND</strong></span> <span class='ocrx_word' id='word_1_212' title='bbox 566 4120 652 4189; x_wconf 76' lang='lat' dir='ltr'><strong>HIS</strong></span> <span class='ocrx_word' id='word_1_213' title='bbox 679 4120 808 4191; x_wconf 51' lang='lat' dir='ltr'><strong>wudu</strong></span> <span class='ocrx_word' id='word_1_214' title='bbox 837 4121 898 4190; x_wconf 83' lang='lat' dir='ltr'><strong>OF</strong></span> <span class='ocrx_word' id='word_1_215' title='bbox 925 4121 961 4190; x_wconf 79' lang='lat' dir='ltr'>A</span> <span class='ocrx_word' id='word_1_216' title='bbox 990 4121 1374 4193; x_wconf 70' lang='lat' dir='ltr'><strong>HALn-Bunuduu</strong></span> <span class='ocrx_word' id='word_1_217' title='bbox 1403 4122 1459 4191; x_wconf 86' lang='lat' dir='ltr'><strong>IN</strong></span> <span class='ocrx_word' id='word_1_218' title='bbox 1489 4120 1725 4193; x_wconf 70' lang='lat' dir='ltr'><strong>swdusnd.</strong></span> 
     </span>
    </p>
   </div>
   <div class='ocr_carea' id='block_1_8' title="bbox 983 4258 1720 4471">
    <p class='ocr_par' dir='ltr' id='par_1_10' title="bbox 983 4258 1720 4471">
     <span class='ocr_line' id='line_1_26' title="bbox 983 4258 1176 4351; baseline -0.005 -22"><span class='ocrx_word' id='word_1_219' title='bbox 983 4258 1043 4351; x_wconf 76' lang='lat' dir='ltr'><strong>[G.</strong></span> <span class='ocrx_word' id='word_1_220' title='bbox 1060 4260 1101 4329; x_wconf 80' lang='lat' dir='ltr'><strong>G.</strong></span> <span class='ocrx_word' id='word_1_221' title='bbox 1117 4260 1176 4349; x_wconf 75' lang='lat' dir='ltr'><strong>n]</strong></span> 
     </span>
     <span class='ocr_line' id='line_1_27' title="bbox 1104 4383 1720 4471; baseline -0.008 -19"><span class='ocrx_word' id='word_1_222' title='bbox 1104 4387 1141 4452; x_wconf 95' lang='lat' dir='ltr'><strong>ll</strong></span> <span class='ocrx_word' id='word_1_223' title='bbox 1165 4386 1254 4453; x_wconf 89' lang='lat' dir='ltr'><strong>Nov.</strong></span> <span class='ocrx_word' id='word_1_224' title='bbox 1302 4386 1344 4453; x_wconf 79' lang='lat'><strong>15</strong></span> <span class='ocrx_word' id='word_1_225' title='bbox 1366 4384 1474 4453; x_wconf 76' lang='lat' dir='ltr'><strong>Heu:</strong></span> <span class='ocrx_word' id='word_1_226' title='bbox 1496 4383 1580 4471; x_wconf 78' lang='lat' dir='ltr'><strong>VH.</strong></span> <span class='ocrx_word' id='word_1_227' title='bbox 1626 4384 1720 4451; x_wconf 81' lang='lat'>1499.</span> 
     </span>
    </p>
   </div>
   <div class='ocr_carea' id='block_1_9' title="bbox 395 4516 1764 4749">
    <p class='ocr_par' dir='ltr' id='par_1_11' title="bbox 395 4516 1764 4749">
     <span class='ocr_line' id='line_1_28' title="bbox 436 4516 1763 4611; baseline 0 -24"><span class='ocrx_word' id='word_1_228' title='bbox 436 4516 550 4588; x_wconf 68' lang='lat' dir='ltr'><strong>soient</strong></span> <span class='ocrx_word' id='word_1_229' title='bbox 562 4524 723 4607; x_wconf 81' lang='lat' dir='ltr'><strong>presentes</strong></span> <span class='ocrx_word' id='word_1_230' title='bbox 737 4526 771 4589; x_wconf 88' lang='lat' dir='ltr'><strong>et</strong></span> <span class='ocrx_word' id='word_1_231' title='bbox 783 4520 888 4590; x_wconf 81' lang='lat' dir='ltr'><strong>futuri</strong></span> <span class='ocrx_word' id='word_1_232' title='bbox 901 4524 989 4609; x_wconf 92' lang='lat' dir='ltr'><strong>quod</strong></span> <span class='ocrx_word' id='word_1_233' title='bbox 1002 4545 1064 4611; x_wconf 77' lang='lat' dir='ltr'><strong>ego</strong></span> <span class='ocrx_word' id='word_1_234' title='bbox 1079 4523 1103 4592; x_wconf 84' lang='lat' dir='ltr'><strong>J</strong></span> <span class='ocrx_word' id='word_1_235' title='bbox 1103 4544 1223 4590; x_wconf 74' lang='lat' dir='ltr'><strong>suurn</strong></span> <span class='ocrx_word' id='word_1_236' title='bbox 1239 4523 1392 4591; x_wconf 80' lang='lat' dir='ltr'><strong>Deurru</strong></span> <span class='ocrx_word' id='word_1_237' title='bbox 1408 4525 1449 4591; x_wconf 91' lang='lat' dir='ltr'><strong>de</strong></span> <span class='ocrx_word' id='word_1_238' title='bbox 1467 4521 1678 4591; x_wconf 78' lang='lat' dir='ltr'><strong>Swsrursnr</strong></span> <span class='ocrx_word' id='word_1_239' title='bbox 1691 4516 1763 4587; x_wconf 90' lang='lat' dir='ltr'><strong>dedi</strong></span> 
     </span>
     <span class='ocr_line' id='line_1_29' title="bbox 395 4656 1764 4749; baseline -0.004 -22"><span class='ocrx_word' id='word_1_240' title='bbox 395 4656 534 4727; x_wconf 86' lang='lat' dir='ltr'><strong>oonoessi</strong></span> <span class='ocrx_word' id='word_1_241' title='bbox 548 4661 582 4725; x_wconf 91' lang='lat' dir='ltr'><strong>et</strong></span> <span class='ocrx_word' id='word_1_242' title='bbox 594 4656 655 4725; x_wconf 87' lang='lat' dir='ltr'><strong>heo</strong></span> <span class='ocrx_word' id='word_1_243' title='bbox 668 4658 809 4745; x_wconf 89' lang='lat' dir='ltr'><strong>presenti</strong></span> <span class='ocrx_word' id='word_1_244' title='bbox 822 4663 910 4726; x_wconf 81' lang='lat' dir='ltr'><strong>oorte</strong></span> <span class='ocrx_word' id='word_1_245' title='bbox 929 4683 1001 4727; x_wconf 87' lang='lat' dir='ltr'><strong>mee</strong></span> <span class='ocrx_word' id='word_1_246' title='bbox 1023 4660 1209 4729; x_wconf 80' lang='lat' dir='ltr'><strong>oonfirmevi</strong></span> <span class='ocrx_word' id='word_1_247' title='bbox 1230 4659 1348 4729; x_wconf 77' lang='lat' dir='ltr'><strong>strn</strong></span> <span class='ocrx_word' id='word_1_248' title='bbox 1369 4682 1412 4749; x_wconf 88' lang='lat' dir='ltr'><strong>ep</strong></span> <span class='ocrx_word' id='word_1_249' title='bbox 1433 4658 1564 4728; x_wconf 81' lang='lat' dir='ltr'><strong>Hnnsr</strong></span> <span class='ocrx_word' id='word_1_250' title='bbox 1585 4664 1619 4727; x_wconf 91' lang='lat' dir='ltr'><strong>ot</strong></span> <span class='ocrx_word' id='word_1_251' title='bbox 1640 4656 1764 4727; x_wconf 79' lang='lat' dir='ltr'><strong>(iunu-</strong></span> 
     </span>
    </p>
   </div>
   <div class='ocr_carea' id='block_1_10' title="bbox 0 0 2010 5429">
    <p class='ocr_par' dir='ltr' id='par_1_12' title="bbox 0 0 2010 5429">
     <span class='ocr_line' id='line_1_30' title="bbox 0 0 2010 5429; baseline 0 0"><span class='ocrx_word' id='word_1_252' title='bbox 0 0 2010 5429; x_wconf 95' lang='lat' dir='ltr'><strong> </strong></span> 
     </span>
    </p>
   </div>
  </div>
 </body>
</html>
