4009 5434
441 666 507 734 2⁶8

396 978 1777 1070 suispor‘duentiismetismterristonemontisprstispmouispestnrisboem's

395 1117 559 1189 subbosuis
581 1124 615 1187 et
639 1116 820 1186 redditibus
841 1139 968 1187 neonon
988 1140 1064 1187 oum
1085 1115 1235 1185 omnibns
1263 1120 1297 1186 ot
1322 1116 1460 1207 singulis
1485 1118 1774 1187 eommoditetr‘bus

393 1256 622 1327 emolumentis
649 1259 683 1324 et
711 1254 862 1345 prodouis
890 1254 1134 1344 quibusounque
1162 1254 1269 1323 eidem
1296 1256 1441 1325 morio
1468 1256 1707 1345 pertinentibus
1733 1261 1771 1326 et

392 1395 660 1485 qnnliterounque
684 1392 904 1483 speetuntibus
928 1393 1086 1463 reintrare
1113 1392 1267 1489 rebnbere
1288 1398 1323 1462 et
1346 1394 1486 1463 retinere
1510 1396 1544 1461 et
1569 1396 1606 1463 in
1630 1394 1768 1483 pristino

392 1536 482 1604 stetu
495 1533 604 1622 quiete
618 1538 716 1621 etque
729 1531 860 1621 posilioe
873 1531 1035 1621 possidere
1050 1553 1087 1600 so
1104 1534 1269 1621 prolatum
1290 1531 1479 1601 Howsnurs
1500 1530 1621 1600 Orsus
1634 1531 1769 1601 hsrudss

393 1674 428 1740 ot
458 1670 638 1759 assignatos
666 1691 740 1738 suos
770 1691 976 1757 quosounque
1003 1668 1046 1739 ub
1075 1670 1259 1759 suprodioto
1280 1672 1424 1739 monerio
1452 1672 1547 1739 terris
1574 1672 1768 1739 tenementis

392 1808 495 1899 protis
518 1807 644 1896 pusouis
668 1806 809 1897 pusturis
830 1804 933 1875 bosois
958 1805 1121 1877 subbosois
1143 1812 1177 1877 et
1200 1806 1380 1886 redditibus
1402 1810 1521 1877 nostris
1545 1830 1671 1877 neonon
1691 1828 1767 1876 oum

391 1944 542 2017 omnibus
555 1949 590 2013 et
604 1945 743 2035 singulis
757 1945 1039 2013 eommoditntibus
1054 1947 1282 2015 emolumentis
1293 1952 1327 2015 et
1339 1946 1490 2035 prodouis
1503 1928 1610 2015 eidem
1622 1945 1766 2015 monerio

388 2085 628 2177 pertinentibus
648 2090 684 2153 et
704 2084 923 2173 speotontibus
945 2086 1091 2153 totaliter
1112 2086 1274 2175 expellere
1294 2090 1329 2154 et
1349 2106 1513 2153 removere
1531 2106 1599 2153 non
1618 2084 1766 2153 obstante

390 2223 452 2292 boo
474 2222 617 2313 presenti
645 2222 765 2311 soripto
790 2228 900 2291 nostro
928 2222 1139 2290 oonoeesionis
1165 2226 1263 2311 utque
1284 2222 1476 2291 donationis
1530 2221 1575 2290 In
1600 2223 1695 2311 oujus
1717 2222 1766 2291 roi

390 2360 614 2429 testimouium
633 2358 780 2449 sipllum
798 2362 945 2427 nostrum
964 2356 1167 2447 presentibus
1188 2358 1309 2447 opponi
1331 2357 1475 2427 ieoimus
1531 2358 1658 2428 Datum
1678 2359 1767 2448 opud

391 2496 612 2567 Riobemount
625 2498 661 2565 in
676 2495 794 2585 ospioio
808 2500 919 2563 nostro
932 2496 1104 2565 undeoimu
1118 2497 1171 2565 die
1186 2495 1305 2565 mensis
1319 2495 1507 2565 Dsosmbris
1525 2520 1613 2565 enno
1630 2496 1766 2566 Domini

390 2634 564 2705 millesimo
578 2634 838 2723 quingentesimo
852 2633 1002 2701 vioesimo
1016 2633 1122 2723 primo
1136 2638 1169 2703 et
1183 2633 1286 2702 nostri
1299 2636 1544 2703 oonseoretionis
1559 2635 1683 2723 quinto.

436 2771 528 2848 Ques
552 2771 684 2860 quidem
708 2771 917 2839 donationem
941 2770 1175 2840 oouoessionem
1198 2776 1232 2840 ot
1257 2776 1343 2841 onrte
1367 2772 1644 2842 eonlirmotionem
1668 2776 1765 2844 modo

391 2933 456 3001 quo
477 2912 637 2999 prefertur
657 2909 761 2978 iustus
779 2911 874 2979 utiles
888 2910 958 2977 toro
975 2912 1164 2999 reputantes
1185 2909 1307 2999 puriter·
1328 2914 1363 2978 et
1382 2898 1541 2979 honestos
1556 2932 1594 2979 uo
1613 2912 1651 2979 in
1672 2912 1765 2981 nullo

390 3048 484 3119 nobis
512 3053 571 3117 uut
598 3048 829 3117 suooessoribus
857 3048 976 3115 nostris
1002 3046 1227 3137 prejudioiulos
1254 3050 1397 3116 trootutu
1421 3047 1508 3117 inter
1529 3069 1590 3116 nos
1609 3048 1646 3117 in
1669 3050 1764 3119 domo

389 3192 501 3257 nostru
523 3187 695 3276 ospituluri
715 3185 943 3255 Lsrnsvnusr
968 3184 1027 3273 qui
1047 3186 1084 3253 in
1104 3183 1293 3273 hujusmodi
1314 3184 1489 3253 donatione
1508 3187 1711 3257 eonoessione
1731 3190 1765 3257 et

388 3335 476 3394 osrte
512 3324 765 3393 oonilrmnoionis
801 3322 977 3410 requiritur
1012 3323 1120 3411 sepius
1154 3321 1368 3411 perhibentes
1425 3322 1519 3413 Ipsus
1554 3325 1763 3394 donationem

388 3461 623 3530 oonoessionem
644 3465 678 3529 et
699 3465 785 3529 onrte
806 3459 1085 3529 oonlirmuoionem
1106 3457 1166 3528 sub
1187 3460 1293 3528 forme
1312 3460 1348 3527 in
1369 3460 1457 3529 dioto
1474 3462 1592 3549 soripto
1610 3466 1764 3531 oontente

388 3597 604 3687 approbemus
617 3597 813 3667 mtidonmus
826 3603 860 3664 et
873 3601 1034 3684 qunntum
1051 3598 1087 3665 iu
1106 3596 1200 3665 nobis
1220 3601 1269 3665 est
1296 3602 1407 3667 tenero
1425 3598 1626 3688 presenoium
1648 3600 1762 3668 ooniir·

389 3758 525 3805 mnmus.
571 3736 615 3805 In
630 3736 725 3825 eujus
743 3736 791 3803 rei
810 3734 1033 3803 testimonium
1052 3734 1197 3825 sigillum
1210 3740 1358 3805 nostrum
1371 3758 1541 3805 oommune
1561 3736 1762 3825 presentibus

389 3875 542 3942 duximus
571 3874 809 3963 opponendum.
854 3870 980 3940 Dutum
1006 3873 1042 3939 in
1074 3872 1181 3940 domo.
1202 3876 1313 3941 nostru
1337 3872 1507 3962 ospitulnri
1535 3872 1762 3943 Lsrnsvnusr

387 4012 525 4101 septimo
540 4013 593 4081 die
607 4013 727 4079 mensis
740 4005 892 4079 Jununrii
905 4030 992 4076 nuno
1007 4007 1143 4078 Domini
1152 4010 1324 4079 millesimo
1338 4011 1597 4100 quingentesimo
1611 4012 1761 4080 vioesimo

386 4150 502 4239 primo.

430 4285 503 4354 The
523 4286 591 4354 seul
611 4287 641 4355 is
661 4288 818 4375 wanting.
939 4318 946 4328 ·

324 4384 327 4393 Ι
439 4422 501 4471 'lbls
513 4424 536 4471 ls
550 4422 672 4483 simply·
687 4422 819 4472 moitetlon
834 4422 883 4469 sud
898 4422 1071 4471 eondrmstlon
1086 4422 1114 4471 ot
1131 4420 1235 4471 Obsrter
1250 4420 1297 4471 iio.
1308 4419 1471 4482 oooxvm,
1485 4422 1520 4482 by
1535 4421 1578 4470 the
1593 4420 1748 4469 Arobdesoun

395 4508 446 4556 und
460 4507 568 4568 cuipter
584 4508 611 4555 ol
626 4508 749 4569 nanduli,
760 4508 838 4556 under
847 4509 905 4555 date
917 4507 1129 4569 11sh1>en‚1ot1.
1159 4506 1218 4555 Itis
1228 4506 1390 4555 uniortnnsto
1401 4506 1457 4555 ubst
1469 4506 1534 4553 from
1545 4505 1581 4553 su
1595 4504 1666 4554 thess
1679 4504 1749 4553 desds

396 4592 439 4640 the
453 4591 518 4640 seule
532 4592 595 4639 bure
609 4592 672 4639 besu
687 4592 810 4653 removed,
826 4592 888 4639 reith
903 4591 950 4639 but
964 4604 1013 4640 one
1026 4591 1175 4652 sxoeptionr
1196 4592 1262 4639 lrorn
1277 4590 1365 4651 which,
1380 4590 1477 4651 though
1492 4589 1539 4639 but
1552 4604 1569 4637 ι
1583 4590 1716 4651 hument
1728 4589 1749 4635 lt

394 4674 861 4738 mnylrelntemdtbsttlrsyrrereot
876 4675 1220 4737 grntbesutynsrrorksol
1234 4678 1282 4723 ert
