4009 5434
422 650 443 717 4

377 965 410 1028 et
434 960 641 1029 ohenoeribus
662 962 743 1028 meis
764 985 801 1030 ae
826 963 975 1030 omnibus
1000 963 1187 1032 hominibus
1209 964 1404 1054 Angliounis
1427 966 1508 1033 meis
1529 969 1631 1034 totam
1656 967 1750 1034 illam

376 1103 543 1188 pasturam
557 1121 632 1166 enm
646 1099 796 1166 omnibus
813 1101 928 1168 averiis
946 1124 1057 1168 eorum
1078 1103 1164 1170 inter
1184 1103 1438 1170 Ponrsnnnursn
1452 1108 1486 1170 et
1500 1103 1748 1171 Ousunrnnsorr

254 1219 263 1254 ‘
375 1240 409 1303 et
422 1235 508 1302 inter
522 1237 669 1302 alnetum
683 1251 716 1304 et
730 1241 850 1304 terrem
870 1239 910 1304 de
934 1239 1207 1306 Ournanunosss
1229 1243 1263 1306 et
1283 1243 1403 1306 terram
1425 1241 1465 1307 de
1487 1239 1691 1307 humanam
1713 1243 1748 1308 et

374 1373 474 1440 etiam
489 1374 576 1459 qued
591 1374 653 1460 ipsi
667 1374 791 1459 possint
805 1373 922 1440 habere
937 1398 1140 1442 eommunem
1159 1381 1323 1463 pasturam
1346 1376 1466 1463 ubique
1487 1376 1522 1442 iu
1544 1377 1653 1443 alneto
1673 1399 1748 1444 meo

374 1509 464 1578 omni
478 1514 622 1597 tempore
644 1511 723 1576 anui
745 1533 819 1576 eum
841 1511 990 1578 omnibus
1012 1512 1127 1578 averiis
1152 1513 1300 1599 (eorum).
1345 1511 1401 1578 Ita
1422 1513 1569 1580 videlieet
1585 1515 1672 1600 quod
1685 1536 1745 1580 neo

373 1669 435 1734 ego
449 1647 555 1714 dietus
569 1647 715 1714 Tsouss
729 1671 771 1714 ue
782 1648 915 1716 heredes
926 1649 990 1714 mei
1001 1672 1061 1715 neo
1072 1650 1227 1737 assignati
1241 1650 1365 1736 aliquid
1373 1650 1457 1736 juris
1471 1649 1524 1717 vel
1538 1651 1646 1716 olamii
1668 1702 1675 1717 .
1700 1702 1708 1717 .
1733 1701 1741 1717 .

371 1784 524 1872 predictis
537 1783 741 1850 libertatibus
756 1785 884 1873 exigere
899 1785 1038 1850 olamare
1049 1808 1106 1852 seu
1116 1787 1284 1853 vendieare
1295 1787 1436 1873 poterint
1446 1787 1503 1853 sed
1513 1809 1571 1874 per
1581 1791 1745 1874 presentes

370 1943 495 2008 semper
509 1942 621 1988 sumus
636 1921 764 1988 exclusi
797 1920 843 1986 Et
854 1921 952 1987 otiam
968 1921 1055 2008 (ego)
1070 1921 1216 1988 Tnouss
1227 1923 1268 1988 de
1277 1922 1405 1988 Avens
1416 1929 1448 1988 et
1459 1923 1591 1989 heredes
1601 1924 1665 1990 mai
1676 1923 1746 1989 sire

369 2059 526 2146 assignati
541 2081 651 2126 omnes
666 2058 831 2124 libertates
845 2057 1004 2146 predictus
1019 2081 1093 2124 oum
1110 2059 1259 2124 omnibus
1280 2064 1313 2124 et
1334 2059 1471 2146 singulis
1494 2110 1502 2124 .
1526 2112 1534 2127 .
1559 2111 1568 2128 .
1591 2059 1743 2147 prediotis

368 2194 583 2284 burgensibus
598 2193 804 2261 ohenoeribus
818 2197 850 2260 et
863 2194 1047 2261 hominibus
1058 2217 1169 2262 eorum
1179 2195 1350 2262 heredibus
1364 2196 1431 2262 aive
1446 2197 1618 2284 assignatis
1631 2201 1744 2263 eontra

367 2354 479 2400 omues
507 2331 655 2398 homines
679 2339 714 2398 et
736 2331 876 2398 feminas
900 2331 1181 2399 warantizabimus
1201 2331 1455 2419 sequietsbimus
1476 2340 1510 2400 et
1531 2334 1743 2400 defendemus

364 2469 614 2556 imperpetuum.
670 2469 736 2536 Pro
764 2468 825 2536 huo
853 2475 961 2536 nutem
991 2471 1190 2536 oonoessione
1214 2470 1413 2537 relaxatione
1440 2471 1745 2558 quietaolamstione

364 2607 526 2672 dederunt
549 2605 631 2672 mihi
652 2605 731 2672 dieti
752 2603 929 2692 burgenses
950 2609 983 2671 et
1005 2605 1162 2672 oheuoerii
1183 2607 1265 2672 duas
1285 2627 1408 2672 mamas
1429 2607 1660 2694 sterlingorum
1680 2629 1742 2693 pre

364 2743 524 2810 manibus
570 2741 614 2808 In
629 2741 722 2828 eujus
740 2741 788 2807 rei
800 2741 1023 2807 testimonium
1037 2741 1113 2807 huie
1125 2741 1267 2828 presenti
1282 2741 1578 2827 quietsolsmaoioni
1593 2743 1741 2830 sigillum

363 2903 474 2948 meum
489 2880 632 2968 apposui.
667 2879 746 2946 Hiis
760 2878 895 2945 testibus
910 2881 1041 2946 domino
1056 2879 1220 2946 Hnsaroo
1234 2880 1364 2946 Abbste
1378 2880 1420 2946 de
1433 2878 1593 2945 Msnosu
1608 2879 1741 2945 domino

363 3017 493 3085 Treoua
516 3015 653 3082 Reetore
676 3016 716 3082 de
738 3017 866 3080 Avens
888 3014 1056 3082 Jonsssn
1078 3015 1198 3083 Lovnr.
1224 3015 1404 3082 Senasoallo
1427 3037 1500 3082 meo
1522 3015 1615 3081 Raso
1637 3014 1738 3081 Lura

363 3153 577 3224 Wruurnroro
592 3175 633 3239 ap
648 3152 767 3218 Esses
811 3150 955 3217 Msnooo
977 3151 1096 3218 Luorn
1138 3151 1278 3218 Jnvsno
1292 3175 1334 3240 ap
1349 3151 1468 3216 strn
1483 3150 1564 3216 vaoh
1579 3156 1613 3216 at
1627 3150 1741 3217 multis

363 3289 447 3356 aliis
489 3287 615 3354 Datum
635 3289 722 3374 apud
744 3286 872 3353 Arrun
897 3288 948 3353 die
974 3287 1078 3356 Luna
1095 3288 1243 3375 proximo
1263 3293 1336 3375 post
1358 3289 1478 3354 festum
1499 3287 1612 3354 Sanoti
1633 3287 1742 3354 Manu'

364 3423 564 3511 evangeliste
589 3447 675 3490 enno
697 3423 793 3511 regni
819 3423 921 3510 Regis
943 3424 1115 3490 Enwsnru
1141 3425 1233 3490 teroii
1254 3429 1327 3511 post
1355 3427 1567 3510 oouqnestum
1587 3422 1743 3488 rieesimo

363 3567 490 3648 quarto.
540 3559 624 3646 (Tha
637 3559 847 3644 sealislost)

939 3839 1163 3908 couml.

464 3985 692 4057 emuna
720 3987 788 4056 BY
816 3985 1012 4055 THOMAS
1040 3989 1106 4055 DE
1134 3987 1302 4056 AVENE
1329 3987 1389 4055 ΤΟ
1417 3987 1642 4056 JERVARD

903 4124 966 4192 ΔΡ
1002 4125 1205 4192 HEYLIN.

797 4283 944 4374 [Erant
966 4285 1109 4353 Osann:
1133 4289 1186 4352 75.
1208 4283 1250 4352 B.
1273 4285 1324 4375 5.]
1426 4289 1448 4351 9
1469 4285 1573 4366 blan,
1595 4286 1692 4352 1350.

408 4435 521 4504 Sciant
543 4439 705 4521 presentes
726 4439 760 4502 et
786 4435 892 4500 futuri
916 4437 1003 4522 qnod
1027 4457 1090 4522 ego
1114 4435 1260 4502 Tuom
1284 4437 1326 4502 de
1349 4437 1477 4502 Amr
1500 4435 1589 4500 tilius
1611 4433 1742 4500 domini

362 4573 544 4642 Jomxsrs
556 4569 599 4634 de
611 4569 739 4638 Anna
761 4569 913 4638 deminus
932 4571 973 4637 de
986 4573 1114 4638 Arnus
1129 4571 1206 4637 dedi
1218 4573 1357 4638 oonosssi
1369 4577 1403 4638 et
1416 4570 1478 4637 bae
1490 4570 1633 4657 presenti
1646 4576 1742 4636 euna
