4009 5434
1545 656 1588 723 93

260 966 546 1057 burgensosburgi
558 966 661 1035 nostri
678 966 814 1055 prodisti
830 971 1009 1055 etpersex
1022 966 1214 1037 devisineto
1215 1018 1355 1035 .....
1377 968 1514 1037 dominii
1529 970 1633 1039 nostri

260 1106 394 1194 prodisti
409 1104 503 1173 trimi
521 1108 555 1173 et
573 1102 741 1173 terminsri
759 1104 884 1193 possint
900 1104 953 1172 vel
976 1104 1077 1192 possit
1098 1104 1219 1173 futuris
1240 1103 1439 1193 temporibus
1458 1106 1630 1175 durstnris

260 1240 313 1311 Its
331 1242 421 1331 quod
435 1241 499 1329 ipsi
522 1242 575 1309 vel
595 1262 707 1311 eorum
726 1242 843 1329 uliquis
863 1242 899 1310 in
919 1240 1029 1329 eliqus
1048 1241 1210 1311 ourinrum
1224 1247 1408 1311 nostrornm
1426 1244 1632 1333 jndioislium

260 1402 331 1447 oum
365 1400 563 1467 manuopere
598 1399 666 1445 non
701 1376 870 1466 sopientur
898 1378 951 1445 rel
982 1378 1136 1467 ospistn.
1191 1376 1412 1448 Gonoessimns
1438 1380 1570 1468 insuper
1597 1385 1633 1449 et

259 1516 445 1585 ordinemus
478 1538 536 1603 por
570 1518 734 1603 presentes
765 1514 1009 1583 ordineneiones
1041 1516 1129 1603 quod
1160 1515 1413 1585 oonstobnlnrius
1447 1522 1575 1587 nosterae
1590 1518 1632 1587 de

260 1652 444 1723 nusum
468 1652 526 1741 qui
548 1674 607 1741 pro
631 1656 776 1739 tempore
800 1650 901 1719 inerit
925 1651 968 1719 sit
997 1652 1106 1740 msjor
1128 1652 1227 1742 burgi
1250 1653 1353 1722 nostri
1376 1654 1514 1741 predioti
1534 1660 1633 1743 prout

258 1791 440 1881 antiquitus
466 1788 537 1859 fieri
567 1787 741 1858 oonsuerit
797 1787 845 1857 Et
872 1790 913 1857 de
940 1788 1157 1879 burgensibus
1183 1790 1301 1859 nostris
1328 1790 1480 1879 predictis
1507 1792 1633 1880 eligent

260 1928 428 1998 duodecim
446 1927 622 2017 burgenses
638 1928 680 1995 de
699 1925 805 2015 mogis
822 1926 1052 1994 suffioientibus
1068 1931 1103 1994 et
1118 1926 1355 1995 discretioribus
1371 1927 1518 2016 ejusdem
1533 1928 1632 2019 burgi

259 2066 313 2154 qni
329 2086 439 2135 eorum
455 2064 549 2133 nobis
566 2066 712 2153 prestent
726 2064 964 2131 'soorsmentum
982 2064 1026 2132 sd
1041 2063 1184 2153 burgum
1196 2070 1344 2133 nostrum
1356 2065 1536 2153 prodietum
1550 2066 1632 2137 bens

257 2208 291 2273 et
301 2204 443 2273 fideliter
460 2200 719 2291 gurbei-nendum.
764 2200 812 2269 Et
825 2202 913 2289 quod
931 2200 1032 2270 iidem
1048 2202 1218 2270 duodeoim
1229 2202 1406 2291 burgenses
1421 2203 1631 2291 impostemm

258 2342 466 2410 nominentur
478 2340 704 2407 oldsmonnos
720 2336 818 2427 burgi
835 2338 937 2405 nostri
954 2338 1100 2425 prodisti.
1145 2338 1194 2407 Et
1210 2340 1298 2427 quod
1318 2326 1361 2407 sd
1377 2338 1499 2408 festum
1519 2340 1630 2410 sanos

257 2476 453 2545 Mromsnms
480 2474 667 2565 mohsngsli
691 2474 860 2562 proximus
889 2475 1102 2543 futurumst
1131 2474 1277 2561 quolibet
1302 2499 1390 2546 euno
1418 2477 1629 2565 imposterum

259 2612 355 2683 iidem
379 2613 516 2701 prodisti
541 2610 744 2680 aldermanni
769 2615 803 2679 et
825 2609 1001 2699 burgenses
1027 2612 1129 2680 nostri
1156 2582 1295 2699 prodisti
1316 2612 1442 2702 eligent
1469 2617 1510 2684 de
1535 2616 1631 2685 distis

258 2748 470 2840 burgensibus
486 2748 604 2843 nostis
622 2751 762 2835 quebror
779 2746 927 2816 homines
949 2751 990 2816 ds
1013 2747 1243 2817 suffioientibus
1267 2749 1325 2836 qui
1349 2772 1415 2838 prs.
1440 2802 1448 2818 .
1473 2802 1481 2818 .
1506 2802 1514 2819 .
1537 2776 1629 2821 roos·

257 2885 379 2955 buntur
392 2891 573 2974 pornneves
591 2886 632 2953 do
651 2882 769 2971 quibus
782 2883 1035 2953 oonstsbulsrius
1048 2891 1156 2955 noster
1169 2888 1210 2954 do
1227 2885 1412 2955 Ksnnnmr
1431 2889 1532 2978 eliget
1549 2891 1631 2959 duos

258 3024 387 3092 nomes
400 3027 510 3090 noem
524 3022 581 3109 qur
597 3022 807 3109 imposterum
820 2996 980 3089 nominee
1000 3027 1097 3091 oms
1114 3022 1228 3091 seue
1246 3024 1345 3113 sege
1362 3026 1464 3093 noser
1483 3027 1627 3115 prosim

259 3158 303 3229 Et
319 3161 408 3247 qnod
427 3159 550 3247 eligent
569 3158 668 3228 etism
690 3159 771 3227 dnos
792 3157 965 3225 servientes
984 3182 1058 3227 oum
1076 3159 1199 3227 bneulis
1217 3162 1339 3228 roostis
1355 3163 1452 3229 mosis
1471 3164 1512 3230 de
1531 3164 1629 3232 ermis

258 3298 374 3367 nostris
392 3302 558 3386 pertentes
577 3296 634 3385 qni
652 3295 863 3383 imposterum
879 3296 1039 3363 nominati
1056 3302 1153 3363 erunt
1169 3302 1341 3386 sergsents
1386 3298 1434 3366 Et
1447 3303 1535 3386 qnod
1551 3302 1630 3371 dieti

258 3433 369 3505 bellivi
404 3441 439 3503 et
472 3435 644 3503 servientes
678 3438 912 3530 seorementum
947 3458 1043 3501 suum
1072 3436 1116 3501 sd
1151 3434 1276 3502 diomm
1308 3436 1450 3525 burgum
1483 3444 1630 3509 nostrum

260 3596 331 3642 enm
341 3574 437 3641 dietis
447 3572 665 3641 eldermmnis
678 3570 760 3639 bene
771 3577 805 3637 et
814 3572 951 3639 fideliter
960 3572 1208 3659 gubemendum
1219 3596 1256 3639 oo
1267 3575 1415 3641 denarios
1424 3580 1458 3642 et
1468 3582 1629 3645 ousbmns

260 3710 334 3779 inde
352 3710 446 3778 nobis
464 3708 574 3778 debito
594 3709 812 3798 ooliigendum
834 3716 867 3775 et
891 3710 1065 3775 levandum
1085 3732 1192 3775 sorem
1213 3709 1448 3779 oonstsbulnrio
1464 3718 1573 3781 nostru
1594 3715 1630 3781 in

259 3848 411 3917 soooesrio
430 3853 539 3916 nostro
559 3849 600 3915 de
622 3846 807 3915 Kenemrr
827 3846 1017 3933 prestabnnt
1038 3850 1134 3933 prout
1155 3847 1196 3913 de
1216 3846 1349 3933 entique
1368 3848 1438 3915 fieri
1455 3850 1628 3919 oonsuevit

258 3982 304 4053 Et
329 3985 417 4073 quod
442 3986 614 4052 deoedente
640 3984 749 4071 ulique
774 3984 983 4050 eldsnnonno
1006 3982 1094 4049 inire
1115 3980 1257 4070 burgum
1279 3988 1426 4051 nostrum
1449 3986 1630 4072 predictum
1771 4045 1774 4052 ,

258 4122 377 4191 residui
403 4122 604 4191 aldermanni
629 4120 815 4209 superstites
840 4120 919 4187 olios
945 4120 996 4187 vel
1021 4120 1123 4185 elium
1148 4122 1188 4187 de
1213 4120 1319 4209 mugis
1343 4122 1572 4191 sufficientibus
1596 4129 1631 4193 et

258 4258 494 4329 dismetionbus
513 4258 729 4349 burgensibus
749 4257 846 4345 burgi
868 4256 970 4324 nostri
991 4256 1128 4345 predicti
1148 4257 1218 4325 looo
1238 4279 1296 4325 suo
1314 4257 1439 4346 eligent
1455 4262 1488 4325 et
1506 4282 1560 4327 eos
1576 4262 1630 4328 vel

257 4418 331 4465 eum
345 4395 580 4465 oonetobulnrio
594 4400 703 4464 nostro
716 4398 757 4463 ds
771 4394 956 4462 Ksnsmrr
970 4417 1030 4482 pro
1044 4399 1187 4481 tempore
1201 4394 1357 4462 existente
1373 4400 1559 4482 presentent
1572 4399 1630 4485 qui

257 4556 363 4601 eorem
377 4534 447 4621 ipso
460 4536 627 4620 tamqnam
640 4532 763 4622 mejero
778 4556 835 4601 suo
850 4538 1085 4599 eoorsmentum
1099 4554 1194 4598 suum
1207 4530 1398 4639 prestobunt
1408 4532 1459 4598 vel
1473 4533 1629 4619 prestabit
