4009 5434
435 642 499 709 154

387 956 495 1024 shield
522 955 559 1023 of
590 976 677 1022 arms
704 952 915 1020 surmounted
942 949 990 1039 by
1017 973 1039 1019 e
1066 948 1157 1017 hund
1182 948 1322 1037 holding
1353 970 1375 1017 e
1405 947 1548 1037 pestornl
1578 948 1664 1017 stem
1709 946 1769 1017 On

387 1093 494 1163 either
510 1093 588 1176 side,
607 1097 628 1130 “
639 1114 664 1159 s.
681 1088 736 1157 n.''
762 1089 826 1176 (for
840 1087 977 1157 Senatus
990 1086 1202 1175 Bemmdus)
1247 1084 1395 1175 Legend,
1418 1092 1438 1124 ‘⁶
1448 1108 1580 1153 eoum
1600 1108 1769 1155 sremuurr

389 1254 500 1300 mm
525 1281 664 1299 '''''
667 1230 689 1263 θ’

441 1377 932 1439 HsrLGhnrterthninletterby
946 1376 1090 1439 HsnryVI.
1106 1381 1134 1425 te
1149 1376 1234 1425 Jeme·
1247 1376 1314 1425 sord
1327 1375 1427 1438 surrey
1440 1375 1492 1424 md
1506 1375 1591 1424 ethus
1604 1374 1759 1435 ennen'ning

396 1466 440 1515 the
450 1465 524 1513 euim
533 1466 561 1513 ot
571 1464 682 1513 william
690 1464 777 1525 Mory-
786 1468 814 1513 ιο
824 1464 855 1513 bs
864 1463 942 1511 rbbot
952 1463 979 1510 οὶ
989 1462 1075 1511 strete
1084 1461 1192 1521 Florida,
1201 1460 1283 1508 which
1292 1460 1417 1509 mentiens
1425 1460 1494 1507 John
1500 1461 1579 1508 ebbot
1586 1460 1613 1507 of
1622 1458 1759 1519 Bnildm,

394 1549 665 1599 arduennenses
683 1548 710 1596 ot
729 1548 850 1610 Mergum,
867 1562 896 1595 u
913 1546 1015 1597 vium
1031 1546 1059 1595 ot
1078 1546 1121 1594 the
1138 1545 1274 1594 murem
1290 1544 1369 1593 order.
1398 1544 1480 1592 Dnted
1497 1544 1586 1605 ffiene,
1602 1544 1647 1591 διά
1660 1543 1759 1603 heb,

396 1636 425 1685 21
441 1632 599 1696 emm„
617 1634 683 1683 ms

970 1858 1183 1931 cesum.

424 2024 590 2095 GRANT
618 2024 686 2093 ΒΥ
718 2022 942 2095 WTLLIAM
970 2022 1139 2095 WHITE
1162 2018 1227 2091 ’ΤΟ
1256 2020 1437 2092 HOWEL
1465 2020 1637 2105 CARNE,
1667 2021 1730 2091 OF

877 2160 1012 2231 LAND
1044 2160 1102 2230 IN
1134 2159 1277 2229 NASE

941 2324 1080 2415 [Cum
1101 2321 1218 2413 Mes]

1121 2489 1163 2555 16
1185 2488 1275 2555 Nov.
1319 2485 1577 2555 24Hnuzv1„
1625 2489 1721 2555 1445.

432 2654 545 2723 Seient
569 2657 732 2743 presentes
754 2656 789 2719 st
812 2651 918 2719 futuri
947 2652 1035 2739 quod
1059 2673 1122 2738 ego
1147 2648 1333 2719 Wmu’uus
1357 2647 1490 2718 ern
1515 2648 1557 2715 de
1579 2646 1769 2715 Annum

385 2812 532 2860 rumen
561 2790 638 2859 dedi
666 2788 805 2857 eoneessi
833 2794 867 2857 et
894 2788 955 2856 hue
980 2788 1122 2876 presenti
1147 2785 1256 2876 e[nrte
1279 2810 1354 2855 mee
1378 2784 1586 2876 eon]firmevi
1608 2786 1768 2855 Howrno

387 2929 511 2999 emur
524 2926 697 2996 heredibus
711 2926 778 2995 suis
791 2932 826 2994 et
839 2926 1012 3015 assignetis
1028 2926 1139 2995 omnis
1152 2928 1254 2993 terres
1268 2930 1301 2993 et
1314 2928 1500 2993 tenemente
1512 2929 1607 3013 prete
1619 2929 1769 3013 pesturm

388 3072 424 3137 et
436 3071 529 3135 veste
543 3088 617 3133 eum
630 3064 836 3153 pertinentiis
850 3088 912 3153 que
936 3115 944 3131 .
969 3116 977 3132 .
1002 3115 1011 3131 .
1033 3063 1135 3131 hebui
1148 3087 1191 3131 ex
1208 3064 1295 3131 dono
1313 3068 1348 3131 et
1365 3063 1577 3131 ieoffnmente
1590 3062 1615 3132 J
1615 3085 1768 3132 onerum

389 3205 522 3276 ern
547 3204 649 3291 petris
668 3202 734 3270 mei
755 3206 852 3291 prout
874 3202 1004 3269 divisim
1026 3201 1137 3291 jeeent
1158 3201 1247 3289 apud
1267 3200 1300 3267 le
1321 3197 1480 3267 Nissen
1501 3199 1539 3267 in
1560 3200 1704 3268 dominio
1724 3200 1767 3268 de

390 3342 560 3411 Lnunsrr
575 3366 642 3409 une
656 3340 793 3408 dimidie
807 3363 880 3408 aere
893 3345 978 3407 terre
992 3339 1029 3407 in
1042 3344 1134 3427 perte
1150 3338 1267 3406 boriali
1279 3338 1332 3406 vie
1346 3338 1493 3407 dueentis
1506 3339 1548 3405 de
1560 3338 1595 3405 le
1608 3338 1768 3406 Nssscms

389 3503 500 3549 versus
519 3478 779 3548 Leunnnnnmr
800 3479 974 3545 dumtaxat
994 3480 1137 3563 excepte.
1182 3475 1384 3543 Hebendum
1404 3481 1439 3543 et
1458 3477 1637 3543 tenendum
1658 3476 1768 3544 omnis

388 3617 535 3707 predicte
548 3620 650 3683 terres
664 3618 698 3683 et
711 3618 897 3683 tenemente
910 3618 1004 3701 prete
1017 3616 1165 3701 pestium
1178 3615 1212 3679 et
1221 3615 1313 3679 veste
1327 3634 1401 3679 enm
1415 3611 1620 3699 pertinentiis
1633 3616 1768 3700 exeepte

387 3759 580 3845 preexeepte
593 3752 720 3842 prefato
738 3752 895 3821 Hownno
912 3748 1067 3841 [Genus]
1080 3749 1253 3817 heredibus
1266 3748 1333 3816 suis
1347 3753 1381 3816 et
1396 3749 1568 3837 assignetis
1582 3750 1624 3835 de
1638 3750 1769 3837 eepiteli

389 3893 521 3961 domino
535 3892 623 3959 feodi
638 3892 727 3959 illius
741 3914 799 3979 per
812 3890 958 3958 redditus
972 3892 1008 3956 et
1026 3879 1159 3955 servieis
1179 3886 1257 3953 inde
1277 3883 1388 3954 debite
1408 3890 1444 3954 et
1461 3887 1502 3953 de
1520 3887 1596 3975 jure
1616 3892 1769 3955 eonsuete

389 4030 638 4117 imperpetuum.
684 4026 732 4095 Et
760 4049 821 4115 ego
844 4048 920 4094 vero
942 4025 1106 4114 predietus
1129 4022 1314 4095 Wmn’uus
1336 4023 1468 4093 ern
1491 4028 1526 4092 et
1546 4024 1681 4093 heredes
1701 4024 1770 4093 mei

390 4165 501 4234 omnin
513 4165 658 4254 predicte
670 4168 772 4232 terres
785 4168 820 4232 et
833 4167 1018 4232 tenemente
1031 4162 1281 4251 praepetum
1300 4166 1335 4231 et
1354 4165 1447 4230 veste
1467 4185 1542 4230 eum
1562 4163 1768 4251 pertinentiis

385 4304 529 4391 exeeptis
552 4302 751 4392 preexeeptis
774 4302 901 4392 prefate
929 4300 1087 4370 Howrno
1109 4300 1282 4369 heredibus
1306 4301 1372 4369 suis
1396 4304 1431 4368 et
1454 4300 1627 4389 assignetis
1652 4303 1764 4368 eontra

389 4462 502 4509 omnes
524 4445 639 4529 gentes
658 4439 940 4509 warantizabimus
960 4444 994 4508 st
1014 4440 1253 4528 imperpetuum
1274 4438 1495 4507 defendemus
1539 4437 1584 4505 In
1605 4436 1700 4525 enjus
1718 4436 1769 4505 rei

388 4577 613 4647 testimoninm
626 4578 703 4647 huie
716 4579 858 4668 presenti
872 4584 958 4648 uerte
970 4602 1043 4649 mee
1056 4577 1203 4667 sigillum
1216 4600 1328 4646 meum
1344 4575 1488 4666 apposui
1532 4574 1612 4643 Hiis
1630 4574 1769 4645 tenuem
