4009 5434
819 937 1057 1008 OOLXXXV.

260 1107 548 1180 INSPEXIMUS
577 1111 680 1181 AND
712 1111 1079 1182 OONFIRMATION
1110 1113 1178 1181 ΒΥ
1206 1111 1421 1182 EDWARD
1450 1113 1514 1183 Lu
1543 1114 1624 1185 DE·

330 1249 554 1332 SPENOER,
578 1249 638 1318 OF
659 1249 759 1318 THE
781 1249 1012 1319 OHAR'I'ER
1034 1249 1095 1318 OF
1115 1249 1371 1320 mesmes
1394 1251 1624 1321 GRANTED

329 1386 396 1455 BY
418 1386 501 1456 HIS
522 1385 695 1469 UNGLE,
719 1387 867 1456 HUGH
889 1386 953 1456 Im
976 1387 1268 1471 DuePuNoun
1291 1389 1351 1457 ΤΟ
1381 1389 1600 1459 OARDIFF.

704 1546 876 1638 [Ounnrrr
899 1549 1166 1639 Censorinorum]

986 1727 1029 1794 18
1050 1724 1155 1794 Juus.
1201 1729 1243 1794 32
1264 1727 1341 1794 En:
1364 1727 1434 1796 111.
1483 1731 1577 1796 1358.

293 1873 492 1942 Euwunnus
506 1874 537 1942 le
550 1873 758 1942 Dnsrnuonn
776 1873 926 1942 dominus
947 1875 988 1942 de
1007 1873 1224 1944 (immensus
1247 1881 1280 1944 et
1299 1877 1451 1945 Monens
1474 1878 1625 1946 omnibus

254 2007 378 2078 ballivis
414 2011 532 2078 nostris
567 2015 600 2078 et
637 2011 710 2078 eliis
735 2011 779 2078 sd
807 2033 887 2098 quos
914 2016 1079 2100 presentes
1106 2011 1200 2080 litere
1235 2014 1442 2102 pervenerint
1474 2015 1621 2083 sulutem

254 2147 364 2217 fluistis
377 2172 437 2216 nos
451 2149 626 2238 inspexisse
640 2153 763 2216 sortem
782 2147 865 2216 bone
887 2149 1040 2216 memorie
1054 2149 1179 2217 domini
1193 2149 1356 2218 Hueorus
1369 2151 1401 2217 le
1417 2150 1624 2218 Dnsrnucnn

253 2287 400 2362 emnouli
413 2287 516 2354 nostri
530 2309 635 2374 nuper
649 2286 772 2354 domini
793 2287 1010 2354 Guuonosu
1028 2291 1061 2354 et
1080 2285 1234 2354 Monens
1249 2311 1349 2374 quem
1362 2287 1440 2355 feeit
1454 2287 1622 2376 burgensi·

252 2421 309 2493 bus
322 2425 364 2492 de
378 2423 564 2492 Kensnmr
579 2425 620 2492 ds
633 2422 837 2492 libertetibus
850 2446 962 2492 sorum
975 2425 1013 2492 in
1026 2424 1086 2491 heo
1099 2423 1205 2492 verbe

679 2610 797 2694 Huso,
819 2633 889 2680 nro.
942 2611 1020 2680 Vide
1045 2633 1188 2679 ocum.

288 2773 360 2842 Nos
379 2796 456 2842 vero
476 2773 639 2862 prediatus
662 2773 860 2842 Enwnnnus
885 2774 917 2841 le
937 2772 1146 2841 Dnsnuuonn
1168 2773 1319 2840 domiuus
1344 2772 1562 2842 Gusuononn
1585 2780 1621 2842 et

250 2909 399 2979 Monens
413 2933 472 3000 pro
486 2912 590 2978 salute
604 2911 712 2979 nuime
726 2915 834 2979 nostre
852 2915 887 2978 et
908 2911 1091 2978 enimnrum
1105 2909 1207 2998 petris
1220 2911 1323 2978 nostri
1338 2915 1372 2978 et
1385 2912 1499 2978 metris
1512 2915 1622 2980 nostre

248 3052 279 3116 st
292 3047 441 3116 omnium
460 3051 701 3114 suteoemorum,
714 3052 748 3114 et
769 3045 925 3115 heredum
946 3049 1129 3114 nostrorum
1151 3069 1262 3114 omnes
1282 3047 1473 3116 donationes
1494 3070 1619 3116 oonoes·

248 3185 351 3254 siones
371 3189 406 3252 et
419 3173 685 3252 'oonflrmetiones
706 3205 804 3272 suprs
825 3182 927 3250 diotss
945 3186 1033 3250 retes
1045 3181 1201 3250 hebentes
1214 3186 1248 3250 st
1262 3186 1372 3270 gretes
1385 3206 1440 3251 ees
1452 3207 1512 3272 pro
1526 3185 1622 3252 nobis

247 3327 278 3391 st
305 3320 478 3390 heredibus
506 3322 658 3410 prodistis
686 3319 901 3408 burgensibus
933 3320 1052 3387 uostris
1081 3324 1115 3386 et
1144 3341 1256 3387 eorum
1284 3321 1516 3388 suooessoribus
1544 3343 1619 3389 oon·

247 3459 389 3528 sedimus
409 3458 602 3526 innovemus
622 3457 819 3526 rstifioemus
840 3461 874 3524 et
895 3457 1122 3526 oonflrmnmus
1140 3459 1387 3547 imperpetuum.
1414 3459 1572 3530 Veientes
1585 3464 1619 3529 et

246 3595 454 3665 oonosdeutss
489 3595 577 3682 quod
611 3595 675 3663 ists
710 3599 799 3663 uerte
834 3595 870 3663 in
906 3594 1057 3663 omnibus
1092 3595 1159 3664 suis
1187 3595 1392 3664 libertetibus
1421 3597 1558 3664 firmiter
1585 3601 1620 3666 st

245 3709 474 3801 inriolubiliter
500 3731 685 3800 observetur
710 3733 746 3800 in
767 3737 961 3822 perpetuum
982 3731 1093 3820 ulique
1112 3733 1348 3822 interruptione
1369 3755 1437 3801 non
1458 3731 1617 3802 obstente.

245 3867 288 3938 In
316 3869 411 3958 ouius
438 3871 487 3938 rei
511 3868 733 3938 testimouium
756 3870 834 3938 huie
857 3868 1000 3959 presenti
1021 3875 1108 3939 uerte
1128 3875 1238 3939 nostre
1262 3870 1408 3958 sigillum
1430 3870 1619 3939 oenoellerie

244 4011 352 4076 nostre
376 4007 418 4074 de
443 4005 629 4074 Kennumr
651 4006 806 4075 duximm
829 4007 1069 4096 opponendum
1118 4005 1197 4076 Hiis
1219 4005 1358 4076 testibus
1382 4007 1620 4076 venerabilibus

244 4145 322 4213 viris
342 4143 505 4212 Hrsnroo
526 4141 657 4213 Abbste
675 4145 717 4214 ds
736 4143 896 4212 mrem
921 4141 1066 4212 trouu
1090 4143 1221 4211 Abbets
1242 4144 1284 4211 de
1302 4142 1432 4210 Nrnrn
1452 4142 1477 4210 J
1477 4164 1620 4211 unsrun

243 4281 285 4348 ds
305 4281 489 4348 comm
506 4279 744 4350 Arohidieoono
765 4279 993 4350 Lunnuvnusr
1015 4281 1156 4349 dominis
1173 4279 1349 4348 Gmssnro
1362 4281 1404 4348 ds
1417 4279 1620 4350 summu

243 4422 322 4489 tuno
354 4419 541 4488 vioeoomite
576 4421 686 4488 norbo
721 4419 762 4486 ds
799 4417 1018 4488 Gusuonsun
1064 4417 1247 4486 mamm
1289 4419 1331 4487 de
1371 4416 1619 4486 horremus

243 4555 398 4625 Onrvuso
425 4558 466 4625 ds
499 4553 630 4625 Seuero
664 4554 832 4626 Jousnnn
896 4555 1065 4625 Jonsnur
1093 4555 1125 4624 le
1153 4555 1309 4626 Noenum
1370 4553 1550 4624 unwano
1577 4555 1619 4622 ds
