4009 5434
935 946 1136 1018 com

383 1110 752 1182 OONFIRMA'I'ION
779 1109 847 1179 ΒΥ
875 1108 1097 1179 RIOHARD
1125 1109 1437 1195 BEAUOHAMP,
1467 1112 1599 1182 EARL
1627 1112 1689 1183 OF

455 1248 755 1332 WOROESTER,
783 1247 843 1317 ΤΟ
873 1248 973 1317 THE
1002 1247 1274 1317 rosensem
1301 1247 1363 1318 01⁴¹
1391 1249 1611 1319 OARDIFF.

799 1397 970 1488 [Onnum
1000 1396 1270 1495 consensuros]

1078 1549 1123 1617 20
1143 1548 1269 1617 Arm.
1313 1549 1465 1619 9H1us:
1488 1549 1533 1622 V.
1578 1552 1674 1620 1421.

389 1689 566 1759 ernuos
586 1690 627 1757 de
645 1686 763 1755 Bnuno
780 1678 900 1754 Osisro
920 1708 1026 1755 eomes
1044 1685 1235 1757 Wreonnm
1252 1686 1402 1755 dominns
1415 1689 1447 1757 le
1461 1688 1665 1757 Dnsrnrsnn
1684 1694 1720 1759 et

343 1830 387 1899 de
405 1828 647 1896 Bnnosvnrsrr
668 1822 818 1893 omnibus
842 1822 991 1892 fidelibus
1015 1824 1059 1892 nd
1082 1846 1163 1912 qnos
1186 1829 1349 1913 presentes
1378 1825 1486 1893 littere
1515 1826 1721 1914 pervenerint

345 1966 493 2035 salutern
633 1950 643 1957 ⁶

389 2102 595 2191 Inspeximus
609 2098 885 2168 eonflrmsoionem
900 2096 1029 2165 'Pnorrn
1041 2098 1073 2166 ie
1087 2096 1292 2191 Dnsrnrssnn
1305 2099 1430 2167 domini
1445 2098 1717 2169 emonensem

345 2247 380 2311 et
403 2241 612 2309 Monosnorn
640 2236 742 2325 petris
770 2234 938 2302 Issum
964 2234 1118 2303 oonsortis
1141 2240 1250 2303 nostre
1275 2258 1374 2324 quern
1397 2236 1477 2305 feeit
1503 2236 1718 2326 burgensibus

343 2378 462 2449 nostris
475 2378 516 2444 de
530 2374 715 2443 Kssnnrrr
729 2372 766 2441 in
778 2372 838 2441 heo
851 2372 958 2441 verbs.
1006 2371 1106 2460 (Vide
1127 2371 1192 2441 No.
1208 2371 1372 2462 OOOOE)

387 2514 435 2583 Et
447 2536 507 2581 nos
520 2513 623 2603 igitur
635 2510 781 2601 prointus
802 2510 977 2579 Eremos
999 2511 1041 2577 de
1061 2509 1180 2578 Bnnno
1199 2508 1320 2579 Cerere
1341 2532 1446 2580 eomes
1463 2508 1655 2581 Wroomsrn
1673 2512 1716 2581 de

342 2651 483 2722 uberiori
501 2649 611 2739 greoin
629 2652 739 2717 nostre
759 2647 968 2717 ooneessimns
987 2646 1122 2735 profetis
1139 2646 1355 2737 burgensibus
1367 2648 1485 2716 nostris
1497 2647 1669 2718 heredibus
1681 2652 1717 2717 et

341 2786 571 2857 suooessoribns
584 2786 650 2853 suis
662 2784 751 2853 infre
762 2784 905 2873 burgum
918 2788 1066 2851 nostrum
1084 2783 1265 2871 prediotum
1283 2784 1497 2853 residentibus
1510 2787 1598 2873 quod
1611 2786 1640 2853 si
1652 2785 1716 2875 ipsi

342 2930 401 2995 eut
423 2945 534 2991 eorum
559 2921 676 3009 uliquis
700 2924 866 2989 eooumtus
885 2920 939 2987 vel
963 2920 1157 2989 utteohistus
1179 2920 1246 2989 fuit
1266 2920 1477 3009 imposterum
1498 2922 1535 2989 in
1559 2922 1716 2991 eomitntu

340 3066 451 3131 nostro
487 3057 761 3128 emeremus
793 3080 853 3147 pro
881 3057 991 3145 ulique
1018 3057 1153 3127 tielonie
1179 3056 1268 3125 infru
1294 3058 1460 3127 libertates
1487 3057 1585 3147 burgi
1611 3059 1715 3127 nostri

340 3197 477 3288 predicti
512 3200 697 3284 emergente
733 3216 830 3281 quem
865 3194 901 3262 in
937 3196 1051 3264 eodem
1087 3195 1242 3264 eomitetn
1277 3200 1386 3264 nostru
1422 3195 1518 3263 debet
1553 3195 1645 3263 trieri
1679 3200 1715 3264 et

341 3333 510 3403 terminen·
537 3334 624 3420 quod
649 3332 750 3399 iidem
774 3330 950 3420 burgenses
979 3354 1091 3400 eorum
1115 3332 1248 3401 heredes
1272 3338 1307 3401 et
1328 3355 1519 3401 mooessores
1541 3338 1576 3401 et
1602 3354 1714 3401 eornm

342 3468 479 3558 quilibet
500 3468 577 3535 inde
599 3490 658 3555 per
684 3466 860 3556 burgenses
886 3466 985 3554 burgi
1013 3468 1116 3536 nostri
1143 3468 1280 3555 predicti
1308 3472 1343 3537 et
1369 3491 1436 3537 non
1461 3492 1520 3557 per
1540 3467 1714 3537 forinseeos

342 3606 513 3675 eomitetus
536 3604 629 3672 trieri
650 3608 684 3671 et
708 3603 875 3671 terminari
897 3604 1022 3691 possint
1043 3604 1097 3672 vel
1118 3604 1219 3692 possit
1238 3607 1283 3673 nd
1304 3606 1443 3693 primam
1464 3606 1517 3673 rel
1539 3607 1713 3673 seeundum

344 3740 573 3835 [oommotmn]
587 3742 758 3810 oomitetus
768 3739 1041 3807 G1suososno1n
1056 3745 1130 3829 post
1145 3765 1244 3830 quem
1256 3742 1343 3831 ipsos
1352 3745 1404 3811 vel
1415 3767 1527 3813 eorum
1536 3744 1653 3832 uliquis
1667 3744 1713 3813 sie

340 3879 480 3949 noouaeri
498 3878 552 3947 vel
570 3878 739 3946 etteobinri
758 3877 939 3966 eontigerit
989 3876 1210 3947 Ooneessimus
1229 3880 1328 3949 etium
1344 3882 1479 3969 prefatis
1496 3880 1711 3971 bngennbus

341 4018 459 4087 nostris
479 4038 590 4084 eorum
609 4014 781 4083 heredibus
800 4020 835 4081 et
853 4015 1082 4083 suooessoribns
1099 4016 1187 4084 infru
1207 4017 1349 4107 burgum
1365 4024 1512 4086 nostrum
1530 4018 1710 4106 prediotum

340 4153 553 4223 reddentibus
567 4154 654 4240 quod
668 4152 696 4219 si
708 4151 771 4239 ipsi
785 4154 843 4219 eut
856 4174 967 4219 eorum
981 4153 1099 4241 uliquis
1116 4160 1280 4241 ponentur
1292 4155 1346 4223 vel
1361 4159 1502 4243 ponetur
1513 4156 1550 4223 in
1563 4178 1710 4243 prooem

341 4295 473 4379 propter
489 4288 623 4357 iielonie
643 4288 679 4355 in
700 4289 809 4376 ulique
830 4290 991 4358 our-ierom
1012 4295 1194 4360 nostrerum
1214 4292 1431 4361 membrorum
1451 4293 1589 4361 dominii
1608 4292 1710 4361 nostri

343 4424 570 4497 Gmonosrs’
585 4429 619 4493 et
636 4425 801 4494 Monens
818 4428 904 4514 quod
921 4428 984 4517 ipsi
999 4428 1176 4518 burgenses
1193 4454 1303 4499 eorum
1320 4431 1452 4499 heredes
1469 4434 1504 4498 et
1519 4450 1709 4499 sueoessoreo

340 4568 375 4635 et
387 4586 499 4631 eorum
512 4562 648 4651 quilibet
664 4563 700 4631 in
715 4564 869 4632 oomitotu
881 4570 991 4635 nostro
1006 4566 1223 4637 Gusuososn
1241 4571 1386 4659 prediote
1399 4574 1433 4639 et
1445 4568 1568 4639 ibidem
1580 4593 1639 4658 per
1651 4592 1708 4639 sex
