<?xml version="1.0" encoding="UTF-8"?>
<!DOCTYPE html PUBLIC "-//W3C//DTD XHTML 1.0 Transitional//EN"
    "http://www.w3.org/TR/xhtml1/DTD/xhtml1-transitional.dtd">
<html xmlns="http://www.w3.org/1999/xhtml" xml:lang="en" lang="en">
 <head>
  <title>
</title>
<meta http-equiv="Content-Type" content="text/html;charset=utf-8" />
  <meta name='ocr-system' content='tesseract 3.04.00' />
  <meta name='ocr-capabilities' content='ocr_page ocr_carea ocr_par ocr_line ocrx_word'/>
</head>
<body>
  <div class='ocr_page' id='page_1' title='image "./cartetaliamunim01abbegoog_0354.png"; bbox 0 0 4009 5434; ppageno 0'>
   <div class='ocr_carea' id='block_1_1' title="bbox 404 93 469 172">
    <p class='ocr_par' dir='ltr' id='par_1_1' title="bbox 404 93 469 172">
     <span class='ocr_line' id='line_1_1' title="bbox 404 93 469 172; baseline 0 -1"><span class='ocrx_word' id='word_1_1' title='bbox 404 93 469 172; x_wconf 71' lang='lat'><strong>3⁷2</strong></span> 
     </span>
    </p>
   </div>
   <div class='ocr_carea' id='block_1_2' title="bbox 358 413 1733 2017">
    <p class='ocr_par' dir='ltr' id='par_1_2' title="bbox 358 413 1733 2017">
     <span class='ocr_line' id='line_1_2' title="bbox 358 413 1733 503; baseline -0.001 -19"><span class='ocrx_word' id='word_1_2' title='bbox 358 417 440 485; x_wconf 83' lang='lat' dir='ltr'><strong>lario</strong></span> <span class='ocrx_word' id='word_1_3' title='bbox 465 418 508 484; x_wconf 86' lang='lat' dir='ltr'><strong>ad</strong></span> <span class='ocrx_word' id='word_1_4' title='bbox 530 415 613 484; x_wconf 87' lang='lat' dir='ltr'><strong>bene</strong></span> <span class='ocrx_word' id='word_1_5' title='bbox 638 420 672 483; x_wconf 78' lang='lat' dir='ltr'><strong>et</strong></span> <span class='ocrx_word' id='word_1_6' title='bbox 693 415 831 483; x_wconf 78' lang='lat' dir='ltr'><strong>fideliter</strong></span> <span class='ocrx_word' id='word_1_7' title='bbox 854 413 1041 484; x_wconf 73' lang='lat' dir='ltr'><strong>ludendum</strong></span> <span class='ocrx_word' id='word_1_8' title='bbox 1066 435 1255 503; x_wconf 82' lang='lat' dir='ltr'><strong>quoeunque</strong></span> <span class='ocrx_word' id='word_1_9' title='bbox 1284 417 1327 482; x_wconf 85' lang='lat' dir='ltr'><strong>sd</strong></span> <span class='ocrx_word' id='word_1_10' title='bbox 1355 415 1459 484; x_wconf 81' lang='lat' dir='ltr'><strong>offiuin</strong></span> <span class='ocrx_word' id='word_1_11' title='bbox 1486 436 1546 482; x_wconf 82' lang='lat' dir='ltr'><strong>sus</strong></span> <span class='ocrx_word' id='word_1_12' title='bbox 1569 415 1733 503; x_wconf 68' lang='lat' dir='ltr'><strong>peu-linens</strong></span> 
     </span>
     <span class='ocr_line' id='line_1_3' title="bbox 358 550 1733 642; baseline -0.002 -19"><span class='ocrx_word' id='word_1_13' title='bbox 358 558 394 622; x_wconf 77' lang='lat' dir='ltr'><strong>eb</strong></span> <span class='ocrx_word' id='word_1_14' title='bbox 414 555 502 642; x_wconf 85' lang='lat' dir='ltr'><strong>quud</strong></span> <span class='ocrx_word' id='word_1_15' title='bbox 522 553 626 642; x_wconf 85' lang='lat' dir='ltr'><strong>ijdem</strong></span> <span class='ocrx_word' id='word_1_16' title='bbox 645 551 800 640; x_wconf 71' lang='lat' dir='ltr'><strong>prepositi</strong></span> <span class='ocrx_word' id='word_1_17' title='bbox 819 557 855 619; x_wconf 82' lang='lat' dir='ltr'><strong>et</strong></span> <span class='ocrx_word' id='word_1_18' title='bbox 873 555 1044 620; x_wconf 65' lang='lat' dir='ltr'><strong>tautam</strong></span> <span class='ocrx_word' id='word_1_19' title='bbox 1065 551 1191 620; x_wconf 83' lang='lat' dir='ltr'><strong>onerari</strong></span> <span class='ocrx_word' id='word_1_20' title='bbox 1211 550 1351 621; x_wconf 81' lang='lat' dir='ltr'><strong>debeant</strong></span> <span class='ocrx_word' id='word_1_21' title='bbox 1371 553 1408 620; x_wconf 89' lang='lat' dir='ltr'><strong>in</strong></span> <span class='ocrx_word' id='word_1_22' title='bbox 1428 553 1585 640; x_wconf 79' lang='lat' dir='ltr'><strong>eompolis</strong></span> <span class='ocrx_word' id='word_1_23' title='bbox 1605 553 1672 622; x_wconf 87' lang='lat' dir='ltr'><strong>suis</strong></span> <span class='ocrx_word' id='word_1_24' title='bbox 1691 553 1733 620; x_wconf 89' lang='lat' dir='ltr'><strong>de</strong></span> 
     </span>
     <span class='ocr_line' id='line_1_4' title="bbox 359 663 1732 778; baseline -0.002 -19"><span class='ocrx_word' id='word_1_25' title='bbox 359 691 500 760; x_wconf 78' lang='lat' dir='ltr'><strong>exilibus</strong></span> <span class='ocrx_word' id='word_1_26' title='bbox 527 689 721 758; x_wconf 79' lang='lat' dir='ltr'><strong>ballivorum</strong></span> <span class='ocrx_word' id='word_1_27' title='bbox 745 695 781 757; x_wconf 82' lang='lat' dir='ltr'><strong>et</strong></span> <span class='ocrx_word' id='word_1_28' title='bbox 804 663 906 758; x_wconf 81' lang='lat' dir='ltr'><strong>abiam</strong></span> <span class='ocrx_word' id='word_1_29' title='bbox 930 691 1019 778; x_wconf 90' lang='lat' dir='ltr'><strong>quod</strong></span> <span class='ocrx_word' id='word_1_30' title='bbox 1043 689 1179 778; x_wconf 84' lang='lat' dir='ltr'><strong>predioli</strong></span> <span class='ocrx_word' id='word_1_31' title='bbox 1204 691 1269 757; x_wconf 92' lang='lat' dir='ltr'><strong>duo</strong></span> <span class='ocrx_word' id='word_1_32' title='bbox 1289 689 1444 778; x_wconf 76' lang='lat' dir='ltr'><strong>prepositi</strong></span> <span class='ocrx_word' id='word_1_33' title='bbox 1464 703 1497 756; x_wconf 87' lang='lat' dir='ltr'><strong>et</strong></span> <span class='ocrx_word' id='word_1_34' title='bbox 1518 687 1659 756; x_wconf 72' lang='lat' dir='ltr'>ballivus</span> <span class='ocrx_word' id='word_1_35' title='bbox 1677 689 1732 775; x_wconf 88' lang='lat' dir='ltr'><strong>qni</strong></span> 
     </span>
     <span class='ocr_line' id='line_1_5' title="bbox 358 825 1732 916; baseline -0.002 -19"><span class='ocrx_word' id='word_1_36' title='bbox 358 848 418 916; x_wconf 86' lang='lat' dir='ltr'><strong>pro</strong></span> <span class='ocrx_word' id='word_1_37' title='bbox 431 832 575 914; x_wconf 81' lang='lat' dir='ltr'><strong>tempore</strong></span> <span class='ocrx_word' id='word_1_38' title='bbox 588 826 690 895; x_wconf 76' lang='lat' dir='ltr'><strong>fuerit</strong></span> <span class='ocrx_word' id='word_1_39' title='bbox 705 848 764 914; x_wconf 87' lang='lat' dir='ltr'><strong>pro</strong></span> <span class='ocrx_word' id='word_1_40' title='bbox 783 827 923 895; x_wconf 75' lang='lat' dir='ltr'><strong>serviciis</strong></span> <span class='ocrx_word' id='word_1_41' title='bbox 940 826 1007 895; x_wconf 92' lang='lat' dir='ltr'><strong>suis</strong></span> <span class='ocrx_word' id='word_1_42' title='bbox 1025 827 1066 894; x_wconf 88' lang='lat' dir='ltr'><strong>ds</strong></span> <span class='ocrx_word' id='word_1_43' title='bbox 1085 827 1215 894; x_wconf 75' lang='lat' dir='ltr'><strong>redditu</strong></span> <span class='ocrx_word' id='word_1_44' title='bbox 1233 827 1331 894; x_wconf 89' lang='lat' dir='ltr'><strong>unius</strong></span> <span class='ocrx_word' id='word_1_45' title='bbox 1349 825 1502 916; x_wconf 77' lang='lat' dir='ltr'><strong>burgagii</strong></span> <span class='ocrx_word' id='word_1_46' title='bbox 1521 825 1732 913; x_wconf 74' lang='lat' dir='ltr'><strong>uniquilibet</strong></span> 
     </span>
     <span class='ocr_line' id='line_1_6' title="bbox 358 935 1731 1055; baseline -0.002 -21"><span class='ocrx_word' id='word_1_47' title='bbox 358 986 471 1036; x_wconf 86' lang='lat' dir='ltr'><strong>eorum</strong></span> <span class='ocrx_word' id='word_1_48' title='bbox 486 945 587 1055; x_wconf 71' lang='lat' dir='ltr'><strong>quiebi</strong></span> <span class='ocrx_word' id='word_1_49' title='bbox 600 987 659 1052; x_wconf 82' lang='lat' dir='ltr'><strong>per</strong></span> <span class='ocrx_word' id='word_1_50' title='bbox 672 987 795 1031; x_wconf 83' lang='lat' dir='ltr'><strong>annum</strong></span> <span class='ocrx_word' id='word_1_51' title='bbox 809 968 843 1031; x_wconf 81' lang='lat' dir='ltr'><strong>et</strong></span> <span class='ocrx_word' id='word_1_52' title='bbox 856 963 945 1051; x_wconf 85' lang='lat' dir='ltr'><strong>quod</strong></span> <span class='ocrx_word' id='word_1_53' title='bbox 960 963 1049 1034; x_wconf 87' lang='lat' dir='ltr'><strong>idem</strong></span> <span class='ocrx_word' id='word_1_54' title='bbox 1067 963 1206 1032; x_wconf 79' lang='lat' dir='ltr'><strong>ballivus</strong></span> <span class='ocrx_word' id='word_1_55' title='bbox 1222 965 1328 1051; x_wconf 73' lang='lat' dir='ltr'><strong>sapiet</strong></span> <span class='ocrx_word' id='word_1_56' title='bbox 1346 965 1387 1031; x_wconf 89' lang='lat' dir='ltr'><strong>ds</strong></span> <span class='ocrx_word' id='word_1_57' title='bbox 1405 963 1601 1032; x_wconf 75' lang='lat' dir='ltr'><strong>molendinis</strong></span> <span class='ocrx_word' id='word_1_58' title='bbox 1615 935 1731 1032; x_wconf 75' lang='lat' dir='ltr'><strong>nostris</strong></span> 
     </span>
     <span class='ocr_line' id='line_1_7' title="bbox 359 1100 1729 1190; baseline -0.001 -19"><span class='ocrx_word' id='word_1_59' title='bbox 359 1105 402 1171; x_wconf 92' lang='lat' dir='ltr'><strong>de</strong></span> <span class='ocrx_word' id='word_1_60' title='bbox 422 1101 585 1170; x_wconf 64' lang='lat' dir='ltr'><strong>Renum</strong></span> <span class='ocrx_word' id='word_1_61' title='bbox 606 1125 665 1190; x_wconf 87' lang='lat' dir='ltr'><strong>pro</strong></span> <span class='ocrx_word' id='word_1_62' title='bbox 687 1101 816 1170; x_wconf 82' lang='lat' dir='ltr'><strong>servilio</strong></span> <span class='ocrx_word' id='word_1_63' title='bbox 837 1107 872 1170; x_wconf 82' lang='lat' dir='ltr'><strong>eb</strong></span> <span class='ocrx_word' id='word_1_64' title='bbox 891 1101 1001 1171; x_wconf 83' lang='lat' dir='ltr'><strong>lsbore</strong></span> <span class='ocrx_word' id='word_1_65' title='bbox 1022 1102 1142 1171; x_wconf 83' lang='lat' dir='ltr'><strong>snode</strong></span> <span class='ocrx_word' id='word_1_66' title='bbox 1164 1100 1269 1170; x_wconf 79' lang='lat' dir='ltr'><strong>tribus</strong></span> <span class='ocrx_word' id='word_1_67' title='bbox 1290 1101 1477 1189; x_wconf 85' lang='lat' dir='ltr'><strong>seplimunis</strong></span> <span class='ocrx_word' id='word_1_68' title='bbox 1495 1103 1532 1168; x_wconf 91' lang='lat' dir='ltr'><strong>in</strong></span> <span class='ocrx_word' id='word_1_69' title='bbox 1550 1107 1617 1170; x_wconf 78' lang='lat' dir='ltr'><strong>lues</strong></span> <span class='ocrx_word' id='word_1_70' title='bbox 1636 1103 1729 1190; x_wconf 84' lang='lat' dir='ltr'><strong>sepli-</strong></span> 
     </span>
     <span class='ocr_line' id='line_1_8' title="bbox 360 1237 1731 1328; baseline -0.001 -20"><span class='ocrx_word' id='word_1_71' title='bbox 360 1261 475 1308; x_wconf 86' lang='lat' dir='ltr'><strong>manas</strong></span> <span class='ocrx_word' id='word_1_72' title='bbox 496 1261 600 1306; x_wconf 91' lang='lat' dir='ltr'><strong>unum</strong></span> <span class='ocrx_word' id='word_1_73' title='bbox 624 1237 801 1306; x_wconf 87' lang='lat' dir='ltr'><strong>busssllum</strong></span> <span class='ocrx_word' id='word_1_74' title='bbox 823 1239 981 1308; x_wconf 80' lang='lat' dir='ltr'><strong>irumenli</strong></span> <span class='ocrx_word' id='word_1_75' title='bbox 1003 1261 1063 1328; x_wconf 80' lang='lat' dir='ltr'><strong>per</strong></span> <span class='ocrx_word' id='word_1_76' title='bbox 1085 1243 1191 1308; x_wconf 75' lang='lat' dir='ltr'><strong>tobim</strong></span> <span class='ocrx_word' id='word_1_77' title='bbox 1214 1261 1346 1306; x_wconf 79' lang='lat' dir='ltr'><strong>annum.</strong></span> <span class='ocrx_word' id='word_1_78' title='bbox 1392 1237 1613 1307; x_wconf 81' lang='lat' dir='ltr'><strong>Oonoessimus</strong></span> <span class='ocrx_word' id='word_1_79' title='bbox 1635 1240 1731 1307; x_wconf 76' lang='lat' dir='ltr'><strong>stiam</strong></span> 
     </span>
     <span class='ocr_line' id='line_1_9' title="bbox 359 1363 1731 1465; baseline 0.001 -22"><span class='ocrx_word' id='word_1_80' title='bbox 359 1375 513 1465; x_wconf 77' lang='lat' dir='ltr'><strong>prodistis</strong></span> <span class='ocrx_word' id='word_1_81' title='bbox 525 1375 740 1464; x_wconf 80' lang='lat' dir='ltr'><strong>burgensbus</strong></span> <span class='ocrx_word' id='word_1_82' title='bbox 753 1376 872 1444; x_wconf 82' lang='lat' dir='ltr'><strong>nosbis</strong></span> <span class='ocrx_word' id='word_1_83' title='bbox 885 1377 973 1464; x_wconf 88' lang='lat' dir='ltr'><strong>quod</strong></span> <span class='ocrx_word' id='word_1_84' title='bbox 990 1377 1034 1446; x_wconf 88' lang='lat' dir='ltr'><strong>de</strong></span> <span class='ocrx_word' id='word_1_85' title='bbox 1052 1363 1202 1444; x_wconf 76' lang='lat' dir='ltr'><strong>omnibus</strong></span> <span class='ocrx_word' id='word_1_86' title='bbox 1217 1375 1447 1444; x_wconf 82' lang='lat' dir='ltr'><strong>maruhandisis</strong></span> <span class='ocrx_word' id='word_1_87' title='bbox 1459 1380 1528 1444; x_wconf 78' lang='lat' dir='ltr'><strong>bam</strong></span> <span class='ocrx_word' id='word_1_88' title='bbox 1543 1399 1601 1464; x_wconf 84' lang='lat' dir='ltr'><strong>per</strong></span> <span class='ocrx_word' id='word_1_89' title='bbox 1613 1383 1731 1444; x_wconf 85' lang='lat' dir='ltr'><strong>tsrrum</strong></span> 
     </span>
     <span class='ocr_line' id='line_1_10' title="bbox 359 1511 1731 1603; baseline 0.001 -23"><span class='ocrx_word' id='word_1_90' title='bbox 359 1535 460 1600; x_wconf 84' lang='lat' dir='ltr'><strong>quam</strong></span> <span class='ocrx_word' id='word_1_91' title='bbox 473 1535 531 1600; x_wconf 84' lang='lat' dir='ltr'><strong>per</strong></span> <span class='ocrx_word' id='word_1_92' title='bbox 544 1535 662 1600; x_wconf 84' lang='lat' dir='ltr'><strong>equum</strong></span> <span class='ocrx_word' id='word_1_93' title='bbox 676 1515 719 1581; x_wconf 85' lang='lat' dir='ltr'><strong>ad</strong></span> <span class='ocrx_word' id='word_1_94' title='bbox 732 1514 910 1603; x_wconf 77' lang='lat' dir='ltr'><strong>pmdiobum</strong></span> <span class='ocrx_word' id='word_1_95' title='bbox 923 1514 1036 1582; x_wconf 79' lang='lat' dir='ltr'><strong>villum</strong></span> <span class='ocrx_word' id='word_1_96' title='bbox 1049 1511 1253 1582; x_wconf 67' lang='lat' dir='ltr'><strong>venientibus</strong></span> <span class='ocrx_word' id='word_1_97' title='bbox 1269 1535 1326 1581; x_wconf 91' lang='lat' dir='ltr'><strong>sen</strong></span> <span class='ocrx_word' id='word_1_98' title='bbox 1342 1513 1583 1582; x_wconf 65' lang='lat' dir='ltr'><strong>mussantibus</strong></span> <span class='ocrx_word' id='word_1_99' title='bbox 1601 1514 1731 1582; x_wconf 88' lang='lat' dir='ltr'><strong>demon·</strong></span> 
     </span>
     <span class='ocr_line' id='line_1_11' title="bbox 359 1651 1731 1751; baseline 0 -31"><span class='ocrx_word' id='word_1_100' title='bbox 359 1651 473 1720; x_wconf 77' lang='lat' dir='ltr'><strong>stratio</strong></span> <span class='ocrx_word' id='word_1_101' title='bbox 497 1651 603 1739; x_wconf 88' lang='lat' dir='ltr'><strong>primo</strong></span> <span class='ocrx_word' id='word_1_102' title='bbox 628 1651 686 1719; x_wconf 81' lang='lat' dir='ltr'><strong>flet</strong></span> <span class='ocrx_word' id='word_1_103' title='bbox 709 1652 944 1720; x_wconf 74' lang='lat' dir='ltr'><strong>eonslabulaiio</strong></span> <span class='ocrx_word' id='word_1_104' title='bbox 967 1655 1078 1721; x_wconf 78' lang='lat' dir='ltr'><strong>nostro</strong></span> <span class='ocrx_word' id='word_1_105' title='bbox 1101 1651 1245 1740; x_wconf 74' lang='lat' dir='ltr'><strong>prediolo</strong></span> <span class='ocrx_word' id='word_1_106' title='bbox 1270 1655 1304 1719; x_wconf 78' lang='lat' dir='ltr'><strong>el</strong></span> <span class='ocrx_word' id='word_1_107' title='bbox 1327 1655 1439 1738; x_wconf 70' lang='lat' dir='ltr'><strong>postea</strong></span> <span class='ocrx_word' id='word_1_108' title='bbox 1461 1652 1632 1751; x_wconf 75' lang='lat' dir='ltr'><strong>pssposilis</strong></span> <span class='ocrx_word' id='word_1_109' title='bbox 1655 1651 1731 1720; x_wconf 87' lang='lat' dir='ltr'><strong>ville</strong></span> 
     </span>
     <span class='ocr_line' id='line_1_12' title="bbox 360 1789 1732 1877; baseline 0.001 -22"><span class='ocrx_word' id='word_1_110' title='bbox 360 1789 451 1877; x_wconf 78' lang='lat' dir='ltr'><strong>puius</strong></span> <span class='ocrx_word' id='word_1_111' title='bbox 473 1811 572 1876; x_wconf 85' lang='lat' dir='ltr'><strong>quam</strong></span> <span class='ocrx_word' id='word_1_112' title='bbox 595 1789 719 1877; x_wconf 67' lang='lat' dir='ltr'><strong>aliquid</strong></span> <span class='ocrx_word' id='word_1_113' title='bbox 743 1790 821 1858; x_wconf 89' lang='lat' dir='ltr'><strong>inde</strong></span> <span class='ocrx_word' id='word_1_114' title='bbox 842 1792 885 1858; x_wconf 79' lang='lat' dir='ltr'><strong>sit</strong></span> <span class='ocrx_word' id='word_1_115' title='bbox 905 1791 1075 1858; x_wconf 78' lang='lat' dir='ltr'><strong>vendibsm</strong></span> <span class='ocrx_word' id='word_1_116' title='bbox 1097 1813 1153 1858; x_wconf 90' lang='lat' dir='ltr'><strong>seu</strong></span> <span class='ocrx_word' id='word_1_117' title='bbox 1177 1793 1338 1858; x_wconf 72' lang='lat' dir='ltr'><strong>semeiam</strong></span> <span class='ocrx_word' id='word_1_118' title='bbox 1361 1789 1421 1857; x_wconf 88' lang='lat' dir='ltr'><strong>snb</strong></span> <span class='ocrx_word' id='word_1_119' title='bbox 1445 1811 1530 1877; x_wconf 84' lang='lat' dir='ltr'><strong>pena</strong></span> <span class='ocrx_word' id='word_1_120' title='bbox 1553 1811 1618 1876; x_wconf 82' lang='lat' dir='ltr'><strong>qus</strong></span> <span class='ocrx_word' id='word_1_121' title='bbox 1642 1791 1732 1857; x_wconf 75' lang='lat' dir='ltr'><strong>deest</strong></span> 
     </span>
     <span class='ocr_line' id='line_1_13' title="bbox 360 1925 1730 2017; baseline 0 -23"><span class='ocrx_word' id='word_1_122' title='bbox 360 1931 395 1995; x_wconf 78' lang='lat' dir='ltr'><strong>et</strong></span> <span class='ocrx_word' id='word_1_123' title='bbox 411 1929 499 2014; x_wconf 90' lang='lat' dir='ltr'><strong>quod</strong></span> <span class='ocrx_word' id='word_1_124' title='bbox 518 1928 628 1994; x_wconf 93' lang='lat' dir='ltr'><strong>nullus</strong></span> <span class='ocrx_word' id='word_1_125' title='bbox 643 1929 686 1995; x_wconf 89' lang='lat' dir='ltr'><strong>de</strong></span> <span class='ocrx_word' id='word_1_126' title='bbox 702 1926 917 2017; x_wconf 75' lang='lat' dir='ltr'><strong>burgensibus</strong></span> <span class='ocrx_word' id='word_1_127' title='bbox 932 1926 1050 1996; x_wconf 71' lang='lat' dir='ltr'><strong>nosuis</strong></span> <span class='ocrx_word' id='word_1_128' title='bbox 1068 1926 1220 2016; x_wconf 73' lang='lat' dir='ltr'><strong>predialis</strong></span> <span class='ocrx_word' id='word_1_129' title='bbox 1236 1927 1308 2015; x_wconf 86' lang='lat' dir='ltr'><strong>oapi</strong></span> <span class='ocrx_word' id='word_1_130' title='bbox 1324 1949 1384 1994; x_wconf 88' lang='lat' dir='ltr'><strong>neo</strong></span> <span class='ocrx_word' id='word_1_131' title='bbox 1399 1925 1603 2015; x_wconf 78' lang='lat' dir='ltr'><strong>impsisonari</strong></span> <span class='ocrx_word' id='word_1_132' title='bbox 1617 1927 1730 1996; x_wconf 80' lang='lat' dir='ltr'><strong>debeat</strong></span> 
     </span>
    </p>
   </div>
   <div class='ocr_carea' id='block_1_3' title="bbox 223 2062 1730 2154">
    <p class='ocr_par' dir='ltr' id='par_1_3' title="bbox 223 2062 1730 2154">
     <span class='ocr_line' id='line_1_14' title="bbox 223 2062 1730 2154; baseline 0 -22"><span class='ocrx_word' id='word_1_133' title='bbox 223 2146 232 2154; x_wconf 84' lang='lat'><em>.</em></span> <span class='ocrx_word' id='word_1_134' title='bbox 360 2066 398 2132; x_wconf 88' lang='lat' dir='ltr'><strong>in</strong></span> <span class='ocrx_word' id='word_1_135' title='bbox 412 2068 515 2133; x_wconf 76' lang='lat' dir='ltr'><strong>oestro</strong></span> <span class='ocrx_word' id='word_1_136' title='bbox 528 2070 638 2133; x_wconf 81' lang='lat' dir='ltr'><strong>nosbu</strong></span> <span class='ocrx_word' id='word_1_137' title='bbox 650 2066 794 2154; x_wconf 76' lang='lat' dir='ltr'><strong>pmdisto</strong></span> <span class='ocrx_word' id='word_1_138' title='bbox 807 2087 866 2153; x_wconf 86' lang='lat' dir='ltr'><strong>pro</strong></span> <span class='ocrx_word' id='word_1_139' title='bbox 880 2064 1043 2153; x_wconf 76' lang='lat' dir='ltr'><strong>aliquibus</strong></span> <span class='ocrx_word' id='word_1_140' title='bbox 1061 2073 1115 2132; x_wconf 81' lang='lat' dir='ltr'><strong>eos</strong></span> <span class='ocrx_word' id='word_1_141' title='bbox 1133 2062 1344 2154; x_wconf 75' lang='lat' dir='ltr'><strong>iungentibus</strong></span> <span class='ocrx_word' id='word_1_142' title='bbox 1356 2064 1437 2132; x_wconf 89' lang='lat' dir='ltr'><strong>dum</strong></span> <span class='ocrx_word' id='word_1_143' title='bbox 1449 2065 1730 2152; x_wconf 85' lang='lat' dir='ltr'><strong>msnuespuionem</strong></span> 
     </span>
    </p>
   </div>
   <div class='ocr_carea' id='block_1_4' title="bbox 265 2191 1730 2291">
    <p class='ocr_par' dir='ltr' id='par_1_4' title="bbox 265 2191 1730 2291">
     <span class='ocr_line' id='line_1_15' title="bbox 265 2191 1730 2291; baseline -0.001 -21"><span class='ocrx_word' id='word_1_144' title='bbox 265 2191 270 2202; x_wconf 83' lang='grc'><strong><em>’</em></strong></span> <span class='ocrx_word' id='word_1_145' title='bbox 361 2225 419 2270; x_wconf 88' lang='lat' dir='ltr'><strong>sen</strong></span> <span class='ocrx_word' id='word_1_146' title='bbox 446 2202 648 2291; x_wconf 75' lang='lat' dir='ltr'><strong>plegdsginm</strong></span> <span class='ocrx_word' id='word_1_147' title='bbox 676 2205 719 2271; x_wconf 87' lang='lat' dir='ltr'><strong>sd</strong></span> <span class='ocrx_word' id='word_1_148' title='bbox 747 2203 938 2270; x_wconf 71' lang='lat' dir='ltr'><strong>extenderem</strong></span> <span class='ocrx_word' id='word_1_149' title='bbox 965 2206 1094 2290; x_wconf 76' lang='lat' dir='ltr'><strong>portam</strong></span> <span class='ocrx_word' id='word_1_150' title='bbox 1125 2201 1272 2290; x_wconf 84' lang='lat' dir='ltr'><strong>ejusdem</strong></span> <span class='ocrx_word' id='word_1_151' title='bbox 1302 2200 1398 2270; x_wconf 75' lang='lat' dir='ltr'><strong>naslei</strong></span> <span class='ocrx_word' id='word_1_152' title='bbox 1424 2205 1556 2290; x_wconf 59' lang='lat' dir='ltr'><strong>pounb</strong></span> <span class='ocrx_word' id='word_1_153' title='bbox 1588 2200 1730 2269; x_wconf 74' lang='lat' dir='ltr'><strong>invenixe</strong></span> 
     </span>
    </p>
   </div>
   <div class='ocr_carea' id='block_1_5' title="bbox 361 2327 1732 2703">
    <p class='ocr_par' dir='ltr' id='par_1_5' title="bbox 361 2327 1732 2703">
     <span class='ocr_line' id='line_1_16' title="bbox 361 2327 1732 2429; baseline -0.001 -22"><span class='ocrx_word' id='word_1_154' title='bbox 361 2339 426 2407; x_wconf 90' lang='lat' dir='ltr'><strong>nisi</strong></span> <span class='ocrx_word' id='word_1_155' title='bbox 439 2338 475 2406; x_wconf 91' lang='lat' dir='ltr'><strong>in</strong></span> <span class='ocrx_word' id='word_1_156' title='bbox 490 2363 566 2407; x_wconf 85' lang='lat' dir='ltr'><strong>essu</strong></span> <span class='ocrx_word' id='word_1_157' title='bbox 578 2339 698 2407; x_wconf 82' lang='lat' dir='ltr'><strong>felonis</strong></span> <span class='ocrx_word' id='word_1_158' title='bbox 712 2363 787 2408; x_wconf 86' lang='lat' dir='ltr'><strong>eum</strong></span> <span class='ocrx_word' id='word_1_159' title='bbox 799 2327 995 2429; x_wconf 77' lang='lat' dir='ltr'><strong>munuepere</strong></span> <span class='ocrx_word' id='word_1_160' title='bbox 1008 2343 1101 2408; x_wconf 64' lang='lat' dir='ltr'><strong>huto</strong></span> <span class='ocrx_word' id='word_1_161' title='bbox 1118 2340 1204 2428; x_wconf 75' lang='lat' dir='ltr'><strong>eapti</strong></span> <span class='ocrx_word' id='word_1_162' title='bbox 1220 2338 1346 2407; x_wconf 74' lang='lat' dir='ltr'><strong>fuerint</strong></span> <span class='ocrx_word' id='word_1_163' title='bbox 1358 2362 1414 2407; x_wconf 87' lang='lat' dir='ltr'><strong>seu</strong></span> <span class='ocrx_word' id='word_1_164' title='bbox 1427 2361 1489 2427; x_wconf 77' lang='lat' dir='ltr'><strong>piu</strong></span> <span class='ocrx_word' id='word_1_165' title='bbox 1500 2339 1662 2428; x_wconf 86' lang='lat' dir='ltr'><strong>aliquibus</strong></span> <span class='ocrx_word' id='word_1_166' title='bbox 1674 2360 1732 2406; x_wconf 88' lang='lat' dir='ltr'><strong>nos</strong></span> 
     </span>
     <span class='ocr_line' id='line_1_17' title="bbox 362 2475 1730 2566; baseline 0.001 -21"><span class='ocrx_word' id='word_1_167' title='bbox 362 2480 421 2545; x_wconf 77' lang='lat' dir='ltr'><strong>sni</strong></span> <span class='ocrx_word' id='word_1_168' title='bbox 438 2477 582 2545; x_wconf 75' lang='lat' dir='ltr'><strong>familias</strong></span> <span class='ocrx_word' id='word_1_169' title='bbox 598 2481 724 2545; x_wconf 76' lang='lat' dir='ltr'><strong>nostres</strong></span> <span class='ocrx_word' id='word_1_170' title='bbox 737 2477 917 2565; x_wconf 78' lang='lat' dir='ltr'><strong>speeislitsr</strong></span> <span class='ocrx_word' id='word_1_171' title='bbox 928 2475 1141 2566; x_wconf 78' lang='lat' dir='ltr'><strong>taugsnlibus</strong></span> <span class='ocrx_word' id='word_1_172' title='bbox 1158 2480 1193 2545; x_wconf 83' lang='lat' dir='ltr'><strong>el</strong></span> <span class='ocrx_word' id='word_1_173' title='bbox 1204 2476 1247 2545; x_wconf 85' lang='lat' dir='ltr'><strong>ds</strong></span> <span class='ocrx_word' id='word_1_174' title='bbox 1260 2475 1410 2545; x_wconf 89' lang='lat' dir='ltr'><strong>omnibus</strong></span> <span class='ocrx_word' id='word_1_175' title='bbox 1427 2475 1524 2545; x_wconf 86' lang='lat' dir='ltr'><strong>rebus</strong></span> <span class='ocrx_word' id='word_1_176' title='bbox 1537 2477 1625 2546; x_wconf 76' lang='lat' dir='ltr'><strong>inias</strong></span> <span class='ocrx_word' id='word_1_177' title='bbox 1637 2477 1730 2546; x_wconf 82' lang='lat' dir='ltr'><strong>liben-</strong></span> 
     </span>
     <span class='ocr_line' id='line_1_18' title="bbox 361 2611 1731 2703; baseline 0.001 -21"><span class='ocrx_word' id='word_1_178' title='bbox 361 2617 464 2682; x_wconf 72' lang='lat' dir='ltr'><strong>uum</strong></span> <span class='ocrx_word' id='word_1_179' title='bbox 482 2613 559 2682; x_wconf 84' lang='lat' dir='ltr'><strong>ville</strong></span> <span class='ocrx_word' id='word_1_180' title='bbox 577 2617 686 2682; x_wconf 74' lang='lat' dir='ltr'><strong>nosue</strong></span> <span class='ocrx_word' id='word_1_181' title='bbox 705 2614 849 2703; x_wconf 73' lang='lat' dir='ltr'><strong>predicte</strong></span> <span class='ocrx_word' id='word_1_182' title='bbox 863 2613 965 2682; x_wconf 69' lang='lat' dir='ltr'><strong>iustis</strong></span> <span class='ocrx_word' id='word_1_183' title='bbox 984 2613 1128 2702; x_wconf 70' lang='lat' dir='ltr'><strong>prensos</strong></span> <span class='ocrx_word' id='word_1_184' title='bbox 1142 2611 1317 2702; x_wconf 75' lang='lat' dir='ltr'><strong>busgenses</strong></span> <span class='ocrx_word' id='word_1_185' title='bbox 1335 2617 1521 2682; x_wconf 78' lang='lat' dir='ltr'><strong>tenemsntu</strong></span> <span class='ocrx_word' id='word_1_186' title='bbox 1542 2637 1599 2684; x_wconf 89' lang='lat' dir='ltr'><strong>seu</strong></span> <span class='ocrx_word' id='word_1_187' title='bbox 1617 2615 1731 2683; x_wconf 66' lang='lat' dir='ltr'><strong>eanlla</strong></span> 
     </span>
    </p>
   </div>
   <div class='ocr_carea' id='block_1_6' title="bbox 332 2749 1733 4082">
    <p class='ocr_par' dir='ltr' id='par_1_6' title="bbox 332 2749 1733 4082">
     <span class='ocr_line' id='line_1_19' title="bbox 362 2749 1731 2840; baseline -0.001 -19"><span class='ocrx_word' id='word_1_188' title='bbox 362 2773 474 2821; x_wconf 84' lang='lat' dir='ltr'><strong>eorum</strong></span> <span class='ocrx_word' id='word_1_189' title='bbox 490 2751 701 2840; x_wconf 80' lang='lat' dir='ltr'><strong>tungenlibus</strong></span> <span class='ocrx_word' id='word_1_190' title='bbox 716 2752 805 2820; x_wconf 90' lang='lat' dir='ltr'><strong>unde</strong></span> <span class='ocrx_word' id='word_1_191' title='bbox 821 2749 990 2839; x_wconf 88' lang='lat' dir='ltr'><strong>inquisiuio</strong></span> <span class='ocrx_word' id='word_1_192' title='bbox 1011 2749 1083 2838; x_wconf 82' lang='lat' dir='ltr'><strong>sapi</strong></span> <span class='ocrx_word' id='word_1_193' title='bbox 1103 2749 1219 2820; x_wconf 70' lang='lat' dir='ltr'><strong>debeat</strong></span> <span class='ocrx_word' id='word_1_194' title='bbox 1237 2751 1324 2838; x_wconf 91' lang='lat' dir='ltr'><strong>quod</strong></span> <span class='ocrx_word' id='word_1_195' title='bbox 1342 2751 1401 2818; x_wconf 85' lang='lat' dir='ltr'><strong>illa</strong></span> <span class='ocrx_word' id='word_1_196' title='bbox 1418 2750 1588 2838; x_wconf 88' lang='lat' dir='ltr'><strong>inquisinio</strong></span> <span class='ocrx_word' id='word_1_197' title='bbox 1608 2753 1652 2820; x_wconf 82' lang='lat' dir='ltr'><strong>sil</strong></span> <span class='ocrx_word' id='word_1_198' title='bbox 1668 2756 1731 2820; x_wconf 79' lang='lat' dir='ltr'><strong>ber·</strong></span> 
     </span>
     <span class='ocr_line' id='line_1_20' title="bbox 360 2887 1733 2978; baseline 0.002 -23"><span class='ocrx_word' id='word_1_199' title='bbox 360 2889 487 2956; x_wconf 73' lang='lat' dir='ltr'><strong>minate</strong></span> <span class='ocrx_word' id='word_1_200' title='bbox 502 2911 561 2976; x_wconf 86' lang='lat' dir='ltr'><strong>per</strong></span> <span class='ocrx_word' id='word_1_201' title='bbox 581 2889 770 2956; x_wconf 78' lang='lat' dir='ltr'><strong>inlu-insenos</strong></span> <span class='ocrx_word' id='word_1_202' title='bbox 790 2889 937 2978; x_wconf 84' lang='lat' dir='ltr'><strong>ejusdem</strong></span> <span class='ocrx_word' id='word_1_203' title='bbox 955 2888 1034 2957; x_wconf 86' lang='lat' dir='ltr'><strong>ville</strong></span> <span class='ocrx_word' id='word_1_204' title='bbox 1047 2894 1082 2956; x_wconf 78' lang='lat' dir='ltr'><strong>eb</strong></span> <span class='ocrx_word' id='word_1_205' title='bbox 1094 2911 1161 2957; x_wconf 91' lang='lat' dir='ltr'><strong>uon</strong></span> <span class='ocrx_word' id='word_1_206' title='bbox 1174 2911 1233 2977; x_wconf 83' lang='lat' dir='ltr'><strong>par</strong></span> <span class='ocrx_word' id='word_1_207' title='bbox 1246 2889 1334 2956; x_wconf 80' lang='lat' dir='ltr'><strong>ulios</strong></span> <span class='ocrx_word' id='word_1_208' title='bbox 1370 2887 1591 2958; x_wconf 67' lang='lat' dir='ltr'><strong>conum</strong></span> <span class='ocrx_word' id='word_1_209' title='bbox 1604 2889 1733 2978; x_wconf 73' lang='lat' dir='ltr'><strong>insuper</strong></span> 
     </span>
     <span class='ocr_line' id='line_1_21' title="bbox 361 3024 1732 3114; baseline 0.001 -21"><span class='ocrx_word' id='word_1_210' title='bbox 361 3025 481 3093; x_wconf 89' lang='lat' dir='ltr'><strong>eisdem</strong></span> <span class='ocrx_word' id='word_1_211' title='bbox 505 3024 720 3114; x_wconf 81' lang='lat' dir='ltr'><strong>burgensibus</strong></span> <span class='ocrx_word' id='word_1_212' title='bbox 747 3025 865 3094; x_wconf 82' lang='lat' dir='ltr'><strong>nostris</strong></span> <span class='ocrx_word' id='word_1_213' title='bbox 890 3027 977 3113; x_wconf 90' lang='lat' dir='ltr'><strong>quod</strong></span> <span class='ocrx_word' id='word_1_214' title='bbox 1001 3027 1065 3114; x_wconf 77' lang='lat' dir='ltr'><strong>ipd</strong></span> <span class='ocrx_word' id='word_1_215' title='bbox 1088 3049 1149 3094; x_wconf 87' lang='lat' dir='ltr'><strong>nee</strong></span> <span class='ocrx_word' id='word_1_216' title='bbox 1176 3025 1309 3094; x_wconf 85' lang='lat' dir='ltr'><strong>heredes</strong></span> <span class='ocrx_word' id='word_1_217' title='bbox 1333 3024 1383 3092; x_wconf 92' lang='lat' dir='ltr'><strong>sui</strong></span> <span class='ocrx_word' id='word_1_218' title='bbox 1407 3047 1476 3094; x_wconf 90' lang='lat' dir='ltr'><strong>esse</strong></span> <span class='ocrx_word' id='word_1_219' title='bbox 1499 3047 1566 3093; x_wconf 92' lang='lat' dir='ltr'><strong>non</strong></span> <span class='ocrx_word' id='word_1_220' title='bbox 1594 3025 1732 3094; x_wconf 80' lang='lat' dir='ltr'><strong>debeant</strong></span> 
     </span>
     <span class='ocr_line' id='line_1_22' title="bbox 358 3162 1732 3250; baseline 0.002 -21"><span class='ocrx_word' id='word_1_221' title='bbox 358 3166 536 3250; x_wconf 76' lang='lat' dir='ltr'><strong>reeeptmes</strong></span> <span class='ocrx_word' id='word_1_222' title='bbox 560 3163 766 3232; x_wconf 70' lang='lat' dir='ltr'><strong>denefiorum</strong></span> <span class='ocrx_word' id='word_1_223' title='bbox 793 3167 976 3232; x_wconf 79' lang='lat' dir='ltr'><strong>nosluorum</strong></span> <span class='ocrx_word' id='word_1_224' title='bbox 1003 3163 1068 3230; x_wconf 91' lang='lat' dir='ltr'><strong>nisi</strong></span> <span class='ocrx_word' id='word_1_225' title='bbox 1096 3167 1206 3232; x_wconf 83' lang='lat' dir='ltr'><strong>tamen</strong></span> <span class='ocrx_word' id='word_1_226' title='bbox 1234 3163 1276 3230; x_wconf 88' lang='lat' dir='ltr'><strong>de</strong></span> <span class='ocrx_word' id='word_1_227' title='bbox 1303 3162 1445 3232; x_wconf 74' lang='lat' dir='ltr'><strong>deum-lis</strong></span> <span class='ocrx_word' id='word_1_228' title='bbox 1471 3163 1663 3232; x_wconf 77' lang='lat' dir='ltr'><strong>exeuntibus</strong></span> <span class='ocrx_word' id='word_1_229' title='bbox 1690 3165 1732 3232; x_wconf 92' lang='lat' dir='ltr'><strong>de</strong></span> 
     </span>
     <span class='ocr_line' id='line_1_23' title="bbox 358 3299 1732 3390; baseline -0.002 -19"><span class='ocrx_word' id='word_1_230' title='bbox 358 3301 480 3371; x_wconf 82' lang='lat' dir='ltr'><strong>bellive</strong></span> <span class='ocrx_word' id='word_1_231' title='bbox 504 3302 691 3389; x_wconf 76' lang='lat' dir='ltr'><strong>preposilub’</strong></span> <span class='ocrx_word' id='word_1_232' title='bbox 717 3301 795 3369; x_wconf 79' lang='lat' dir='ltr'><strong>ville</strong></span> <span class='ocrx_word' id='word_1_233' title='bbox 823 3305 932 3371; x_wconf 78' lang='lat' dir='ltr'><strong>noslue</strong></span> <span class='ocrx_word' id='word_1_234' title='bbox 960 3303 1102 3390; x_wconf 77' lang='lat' dir='ltr'><strong>prediola</strong></span> <span class='ocrx_word' id='word_1_235' title='bbox 1130 3326 1190 3370; x_wconf 85' lang='lat' dir='ltr'><strong>nee</strong></span> <span class='ocrx_word' id='word_1_236' title='bbox 1218 3301 1370 3390; x_wconf 73' lang='lat' dir='ltr'><strong>disbn&#39;ngi</strong></span> <span class='ocrx_word' id='word_1_237' title='bbox 1398 3299 1538 3369; x_wconf 70' lang='lat' dir='ltr'><strong>debeant</strong></span> <span class='ocrx_word' id='word_1_238' title='bbox 1565 3301 1608 3368; x_wconf 89' lang='lat' dir='ltr'><strong>ad</strong></span> <span class='ocrx_word' id='word_1_239' title='bbox 1635 3299 1732 3369; x_wconf 82' lang='lat' dir='ltr'><strong>blada</strong></span> 
     </span>
     <span class='ocr_line' id='line_1_24' title="bbox 358 3437 1731 3526; baseline -0.001 -18"><span class='ocrx_word' id='word_1_240' title='bbox 358 3463 469 3508; x_wconf 82' lang='lat' dir='ltr'><strong>earnes</strong></span> <span class='ocrx_word' id='word_1_241' title='bbox 492 3440 570 3507; x_wconf 81' lang='lat' dir='ltr'><strong>vine</strong></span> <span class='ocrx_word' id='word_1_242' title='bbox 594 3463 651 3507; x_wconf 90' lang='lat' dir='ltr'><strong>seu</strong></span> <span class='ocrx_word' id='word_1_243' title='bbox 679 3437 744 3506; x_wconf 83' lang='lat' dir='ltr'><strong>alin</strong></span> <span class='ocrx_word' id='word_1_244' title='bbox 772 3440 925 3508; x_wconf 81' lang='lat' dir='ltr'><strong>vislualis</strong></span> <span class='ocrx_word' id='word_1_245' title='bbox 952 3443 1063 3508; x_wconf 69' lang='lat' dir='ltr'><strong>nostia</strong></span> <span class='ocrx_word' id='word_1_246' title='bbox 1087 3443 1199 3507; x_wconf 85' lang='lat' dir='ltr'><strong>eonlrs</strong></span> <span class='ocrx_word' id='word_1_247' title='bbox 1226 3439 1427 3507; x_wconf 77' lang='lat' dir='ltr'><strong>voluntalem</strong></span> <span class='ocrx_word' id='word_1_248' title='bbox 1455 3461 1567 3526; x_wconf 73' lang='lat' dir='ltr'><strong>eorum</strong></span> <span class='ocrx_word' id='word_1_249' title='bbox 1595 3440 1731 3508; x_wconf 85' lang='lat' dir='ltr'><strong>emenda</strong></span> 
     </span>
     <span class='ocr_line' id='line_1_25' title="bbox 332 3546 1730 3666; baseline 0 -20"><span class='ocrx_word' id='word_1_250' title='bbox 332 3546 336 3553; x_wconf 24' lang='lat'><strong>⁴</strong></span> <span class='ocrx_word' id='word_1_251' title='bbox 358 3579 415 3646; x_wconf 87' lang='lat' dir='ltr'><strong>sed</strong></span> <span class='ocrx_word' id='word_1_252' title='bbox 431 3580 519 3666; x_wconf 89' lang='lat' dir='ltr'><strong>qnod</strong></span> <span class='ocrx_word' id='word_1_253' title='bbox 537 3577 632 3646; x_wconf 80' lang='lat' dir='ltr'><strong>libesi</strong></span> <span class='ocrx_word' id='word_1_254' title='bbox 650 3577 717 3645; x_wconf 81' lang='lat' dir='ltr'><strong>sint</strong></span> <span class='ocrx_word' id='word_1_255' title='bbox 735 3600 793 3665; x_wconf 84' lang='lat' dir='ltr'><strong>per</strong></span> <span class='ocrx_word' id='word_1_256' title='bbox 811 3577 994 3647; x_wconf 72' lang='lat' dir='ltr'><strong>libertatem</strong></span> <span class='ocrx_word' id='word_1_257' title='bbox 1014 3601 1125 3646; x_wconf 87' lang='lat' dir='ltr'><strong>sorum</strong></span> <span class='ocrx_word' id='word_1_258' title='bbox 1144 3579 1282 3646; x_wconf 79' lang='lat' dir='ltr'><strong>vendere</strong></span> <span class='ocrx_word' id='word_1_259' title='bbox 1305 3577 1414 3645; x_wconf 84' lang='lat' dir='ltr'><strong>omnis</strong></span> <span class='ocrx_word' id='word_1_260' title='bbox 1432 3600 1496 3664; x_wconf 88' lang='lat' dir='ltr'><strong>que</strong></span> <span class='ocrx_word' id='word_1_261' title='bbox 1513 3576 1637 3646; x_wconf 80' lang='lat' dir='ltr'><strong>habent</strong></span> <span class='ocrx_word' id='word_1_262' title='bbox 1653 3599 1730 3646; x_wconf 85' lang='lat' dir='ltr'><strong>ven-</strong></span> 
     </span>
     <span class='ocr_line' id='line_1_26' title="bbox 357 3713 1730 3804; baseline 0.001 -22"><span class='ocrx_word' id='word_1_263' title='bbox 357 3716 465 3782; x_wconf 86' lang='lat' dir='ltr'><strong>dends</strong></span> <span class='ocrx_word' id='word_1_264' title='bbox 480 3715 659 3804; x_wconf 73' lang='lat' dir='ltr'><strong>uuisunqus</strong></span> <span class='ocrx_word' id='word_1_265' title='bbox 676 3714 710 3784; x_wconf 77' lang='lat' dir='ltr'><strong>el</strong></span> <span class='ocrx_word' id='word_1_266' title='bbox 729 3714 972 3803; x_wconf 87' lang='lat' dir='ltr'><strong>quibussunqne</strong></span> <span class='ocrx_word' id='word_1_267' title='bbox 992 3716 1029 3784; x_wconf 93' lang='lat' dir='ltr'><strong>in</strong></span> <span class='ocrx_word' id='word_1_268' title='bbox 1050 3737 1115 3804; x_wconf 93' lang='lat' dir='ltr'><strong>quo</strong></span> <span class='ocrx_word' id='word_1_269' title='bbox 1135 3719 1279 3804; x_wconf 75' lang='lat' dir='ltr'><strong>tempore</strong></span> <span class='ocrx_word' id='word_1_270' title='bbox 1299 3715 1462 3783; x_wconf 78' lang='lat' dir='ltr'><strong>volueriut</strong></span> <span class='ocrx_word' id='word_1_271' title='bbox 1481 3713 1602 3804; x_wconf 83' lang='lat' dir='ltr'><strong>ubsque</strong></span> <span class='ocrx_word' id='word_1_272' title='bbox 1622 3715 1730 3803; x_wconf 87' lang='lat' dir='ltr'><strong>aliquo</strong></span> 
     </span>
     <span class='ocr_line' id='line_1_27' title="bbox 356 3851 1731 3952; baseline 0 -32"><span class='ocrx_word' id='word_1_273' title='bbox 356 3851 598 3942; x_wconf 75' lang='lat' dir='ltr'><strong>impedimento.</strong></span> <span class='ocrx_word' id='word_1_274' title='bbox 625 3853 777 3921; x_wconf 75' lang='lat' dir='ltr'><strong>Pralues</strong></span> <span class='ocrx_word' id='word_1_275' title='bbox 789 3855 1000 3922; x_wconf 81' lang='lat' dir='ltr'><strong>eonesssimus</strong></span> <span class='ocrx_word' id='word_1_276' title='bbox 1013 3853 1148 3942; x_wconf 78' lang='lat' dir='ltr'><strong>psefsbis</strong></span> <span class='ocrx_word' id='word_1_277' title='bbox 1161 3851 1375 3943; x_wconf 72' lang='lat' dir='ltr'><strong>burgensibus</strong></span> <span class='ocrx_word' id='word_1_278' title='bbox 1388 3853 1506 3922; x_wconf 73' lang='lat' dir='ltr'><strong>uosluis</strong></span> <span class='ocrx_word' id='word_1_279' title='bbox 1520 3854 1608 3952; x_wconf 88' lang='lat' dir='ltr'><strong>quod</strong></span> <span class='ocrx_word' id='word_1_280' title='bbox 1620 3851 1683 3942; x_wconf 88' lang='lat' dir='ltr'><strong>ipsi</strong></span> <span class='ocrx_word' id='word_1_281' title='bbox 1696 3856 1731 3920; x_wconf 78' lang='lat' dir='ltr'><strong>st</strong></span> 
     </span>
     <span class='ocr_line' id='line_1_28' title="bbox 356 3990 1730 4082; baseline 0.001 -23"><span class='ocrx_word' id='word_1_282' title='bbox 356 3990 1730 4082; x_wconf 70' lang='lat' dir='ltr'><strong>heredesuuhberelegmepowenbomniabtugsgissusperipsossdqnisibelam</strong></span> 
     </span>
    </p>
   </div>
   <div class='ocr_carea' id='block_1_7' title="bbox 0 0 2010 5434">
    <p class='ocr_par' dir='ltr' id='par_1_7' title="bbox 0 0 2010 5434">
     <span class='ocr_line' id='line_1_29' title="bbox 0 0 2010 5434; baseline 0 0"><span class='ocrx_word' id='word_1_283' title='bbox 0 0 2010 5434; x_wconf 95' lang='lat' dir='ltr'><strong> </strong></span> 
     </span>
    </p>
   </div>
  </div>
 </body>
</html>
