4009 5434
978 961 1193 1032 ooomv.

452 1116 617 1187 GRANT
652 1118 721 1189 BY
755 1118 835 1189 ΒΙΒ
869 1119 1084 1191 EDWARD
1121 1118 1397 1190 STRADLING
1431 1119 1492 1189 ἸῸ
1529 1120 1715 1205 HENRY,

809 1257 1060 1328 OARDINAL
1089 1256 1358 1327 Bnnnnonn.

986 1406 1045 1499 [e.
1062 1406 1103 1476 s.
1122 1406 1183 1498 m
1318 1489 1320 1493 ,

1134 1557 1303 1625 lArnn..
1348 1555 1585 1627 ⁷Hm2v1.
1633 1558 1728 1627 1429.

436 1706 597 1775 Omnibus
613 1706 734 1777 christi
753 1707 903 1777 fidelibus
916 1709 959 1775 ed
975 1730 1056 1795 quos
1077 1710 1240 1796 proeentes
1260 1708 1354 1775 litere
1374 1707 1544 1776 indentete
1565 1710 1772 1797 pervenerint

391 1842 592 1913 Enwsnnus
613 1842 843 1913 Snnrnnme
864 1845 958 1912 miles
980 1845 1119 1913 sulutem
1140 1845 1176 1912 in
1198 1845 1340 1912 domino.
1384 1843 1552 1913 Noveritis
1572 1869 1626 1914 me
1646 1846 1773 1916 dedisse

392 1983 581 2051 eoneessisse
606 1984 640 2050 st
665 2005 724 2071 per
748 1986 912 2070 presentes
937 1983 1140 2050 eonfirmusse
1165 1980 1329 2049 Hnrmruo
1356 1943 1547 2050 Bninronn
1571 1982 1637 2051 Dei
1662 1984 1770 2073 gretie

392 2118 559 2188 Oundinsli
572 2118 697 2209 Anglie
713 2142 776 2209 qne
790 2119 1024 2207 Wyntoniensi
1039 2120 1186 2207 episeopo
1208 2118 1385 2188 mommo
1399 2142 1441 2209 sp
1456 2118 1480 2189 J
1480 2143 1602 2188 unm
1616 2120 1770 2191 Rem

392 2260 426 2327 st
448 2256 577 2326 'Pmoun
602 2256 752 2325 Imm
774 2257 957 2324 manerium
981 2280 1093 2324 meum
1116 2257 1158 2324 de
1183 2256 1329 2324 Lnnrnr
1354 2280 1429 2325 eum
1451 2257 1657 2345 pertinentiis
1681 2257 1772 2327 inim

392 2396 574 2464 dominium
599 2396 640 2463 de
665 2395 813 2463 Oumosn
837 2399 976 2481 quatuor
1000 2399 1165 2461 eumentes
1186 2398 1272 2461 terre
1297 2394 1418 2483 viginti
1446 2394 1589 2483 quinque
1619 2417 1709 2462 neres
1736 2398 1773 2464 et

392 2533 563 2601 dimidium
577 2533 664 2621 preti
678 2536 809 2600 eentum
824 2554 912 2599 umes
928 2536 1014 2599 terre
1033 2531 1164 2598 erabilis
1185 2535 1251 2598 tres
1272 2554 1362 2599 uerus
1382 2530 1469 2599 bosni
1489 2532 1611 2621 viginti
1633 2538 1773 2623 quatior

392 2692 482 2739 uerus
508 2674 640 2758 pusture
668 2670 840 2758 sexaginte
869 2691 957 2736 neres
981 2668 1066 2735 vesti
1091 2672 1125 2735 et
1150 2668 1323 2756 sexaginte
1348 2669 1467 2737 solidos
1488 2670 1590 2738 ennui
1613 2672 1769 2739 redditus

392 2806 595 2875 Hebendum
610 2809 643 2875 st
656 2808 836 2875 tenendum
848 2805 958 2874 omnis
968 2806 1114 2895 prodictu
1126 2805 1309 2905 manerium
1322 2828 1398 2873 oum
1411 2806 1617 2895 pertinentiis
1632 2812 1772 2896 quatuor

392 2949 557 3013 eerneutss
570 2948 656 3012 terre
669 2943 790 3032 viginti
807 2944 951 3031 quinque
973 2965 1062 3011 uerus
1076 2947 1110 3010 et
1124 2942 1294 3011 dimidium
1314 2944 1402 3033 preti
1423 2948 1555 3013 eentum
1576 2967 1666 3012 seres
1686 2949 1772 3015 tens

392 3080 524 3151 erabilis
537 3086 604 3148 tres
617 3102 707 3147 smus
718 3079 807 3148 bosei
821 3080 942 3169 viginti
961 3084 1101 3168 quatuor
1122 3103 1211 3149 neres
1231 3084 1363 3169 pestere
1383 3083 1556 3170 sexaginte
1576 3106 1667 3153 serus
1687 3084 1772 3155 vasti

394 3223 429 3288 et
441 3220 613 3306 sexaginte
626 3218 744 3285 solidos
758 3218 860 3285 annui
879 3219 1026 3287 redditus
1046 3218 1182 3307 prefatis
1203 3218 1371 3287 Gurdinuli
1392 3219 1567 3289 Moenum
1588 3226 1622 3290 et
1643 3221 1773 3291 Tuon

393 3355 566 3425 heredibus
579 3360 613 3423 et
627 3354 799 3443 assignetis
818 3355 884 3422 snis
901 3356 1141 3445 imperpetuum
1162 3357 1204 3423 de
1225 3356 1417 3445 espitulibns
1438 3358 1580 3427 dominis
1599 3359 1772 3429 feodorum

393 3493 525 3562 illerum
538 3516 597 3581 per
609 3494 756 3561 redditus
769 3496 803 3561 et
817 3492 951 3561 servicis
964 3494 1042 3560 inde
1056 3492 1167 3561 debitu
1187 3497 1221 3561 et
1242 3500 1404 3563 eonsnetu
1448 3494 1497 3564 Et
1517 3518 1579 3585 ego
1600 3518 1678 3565 vere
1698 3519 1772 3586 pre-

393 3632 500 3700 dietus
514 3630 713 3699 Enwrnnus
726 3634 760 3698 et
774 3629 908 3697 heredes
921 3630 987 3697 mei
1001 3630 1112 3698 omniu
1125 3631 1270 3719 predicta
1282 3632 1465 3701 manerium
1478 3656 1554 3703 eum
1566 3633 1774 3723 pertinentiis

393 3776 532 3861 quatuor
541 3774 705 3839 esruentns
714 3774 799 3838 terre
809 3769 930 3860 viginti
944 3770 1088 3858 quinque
1102 3794 1192 3839 serus
1205 3775 1239 3839 et
1249 3770 1420 3839 dimidium
1433 3771 1521 3861 preti
1534 3775 1669 3839 eentum
1680 3792 1771 3839 serus

392 3906 1041 3997 tementebilistueseerusboseiviginti
1063 3913 1202 3996 quatuor
1222 3931 1312 3977 seres
1331 3911 1463 3997 pnstune
1484 3908 1657 3998 sexaginte
1679 3929 1768 3977 serus

394 4046 479 4115 vasti
492 4050 526 4113 et
540 4045 711 4134 sexaginte
724 4044 843 4113 solidos
856 4044 959 4111 enuui
972 4046 1119 4120 redditus
1132 4050 1171 4113 ut
1184 4046 1367 4135 predietum
1388 4048 1438 4113 set
1454 4044 1593 4134 preiutie
1607 4044 1774 4114 Omdinnli

395 4180 570 4250 Monunio
583 4186 616 4250 st
629 4180 757 4250 Tnorm
771 4178 944 4249 heredibus
957 4184 992 4249 et
1002 4182 1175 4270 assignetis
1188 4182 1255 4249 suis
1267 4186 1381 4250 eontra
1393 4204 1505 4251 omnes
1518 4185 1634 4272 gentes
1648 4204 1774 4250 mun·

396 4318 566 4388 timbimns
590 4318 844 4407 mqueubimue
871 4319 905 4385 et
932 4318 1172 4407 imperpetuum
1192 4319 1405 4387 defendemus
1427 4341 1488 4409 per
1507 4324 1682 4409 presentes
1727 4316 1774 4389 In

396 4454 492 4545 nnius
512 4456 560 4523 rei
580 4456 802 4524 testimenium
823 4454 900 4523 huie
920 4456 1063 4545 presenti
1083 4461 1171 4524 uerte
1194 4478 1267 4525 mee
1293 4456 1464 4525 indentuts
1493 4456 1641 4546 sigillum
1662 4478 1774 4526 meum

397 4593 542 4683 spposui
585 4590 815 4669 Hiistestibns
833 4592 1000 4661 domnum
1022 4591 1137 4662 Smr
1158 4594 1254 4663 Joms
1276 4594 1382 4663 milite
1423 4592 1554 4664 Tuon
1574 4593 1774 4665 Menum
