4009 5434
433 697 477 762 42

387 1009 480 1078 hares
494 1009 567 1098 ejus
581 1011 624 1077 sit
637 1016 671 1078 et
686 1009 779 1100 cujus
793 1013 898 1081 etatis.
943 1011 991 1081 Et
1012 1013 1256 1102 inquisitionem
1269 1013 1346 1080 inde
1360 1013 1511 1080 distincte
1525 1018 1558 1080 et
1572 1019 1647 1102 spts
1669 1013 1764 1081 ncbis

388 1147 424 1214 in
450 1149 674 1216 cancellariam
696 1155 841 1218 nostram
866 1150 926 1217 sub
950 1151 1059 1239 sigillo
1083 1155 1198 1218 tuost
1221 1150 1339 1239 sigillis
1363 1173 1474 1217 eorum
1497 1173 1556 1238 per
1577 1172 1659 1238 quos
1678 1151 1765 1217 fama

388 1284 489 1352 inerit
517 1285 588 1351 sine
616 1287 773 1354 dilatione
797 1289 910 1356 mittas
934 1293 968 1356 et
989 1287 1051 1354 hcc
1075 1286 1182 1356 breve.
1227 1273 1400 1354 Teste‘ms
1426 1289 1496 1376 ipso
1525 1289 1613 1375 apud
1641 1285 1763 1356 wana

388 1443 634 1490 nonasmmun
648 1423 715 1490 xvi.
730 1423 784 1490 die
798 1423 1014 1491 Ssrrnunnrs
1028 1445 1114 1491 enno
1127 1423 1223 1512 regni
1236 1425 1338 1519 nostri
1352 1423 1511 1491 vicesimo.

432 1685 608 1774 Inquisitio
629 1691 725 1775 cepta
752 1686 840 1774 apud
871 1685 1097 1755 Wrocaumr
1122 1687 1176 1753 die
1198 1686 1347 1752 Saeuam
1373 1689 1521 1774 proximo
1545 1692 1619 1775 post
1643 1687 1765 1755 festum

387 1822 502 1890 Sancti
516 1822 612 1891 Lucu
628 1823 826 1913 evangeliste
841 1845 927 1891 anno
942 1824 1037 1911 regni
1050 1822 1155 1912 Regis
1165 1822 1316 1892 chasnr
1326 1826 1458 1890 secundi
1471 1829 1544 1912 post
1554 1829 1764 1911 conquestum

387 1962 538 2028 vicesimo
563 1983 670 2028 coram
696 1960 858 2027 Hnnruoo
887 1960 1039 2028 Hsonnr
1068 1965 1228 2064 aecastore
1256 1959 1381 2027 domini
1410 1960 1513 2049 Regis
1541 1961 1578 2028 in
1606 1961 1763 2029 comitatu

387 2098 588 2168 Wroorumc
614 2098 734 2165 virtuts
759 2097 866 2164 brevis
891 2097 1016 2164 domini
1041 2094 1145 2185 Regis
1172 2097 1279 2164 eidem
1307 2100 1459 2165 escatecri
1484 2098 1598 2164 directi
1626 2102 1659 2165 st
1687 2096 1764 2165 huic

387 2238 593 2326 inquisitioni
607 2237 733 2306 consuti
747 2261 806 2326 per
819 2241 1056 2304 somamentum
1070 2235 1226 2303 Boram
1241 2238 1281 2303 de
1295 2237 1329 2302 le
1342 2236 1450 2302 Mans
1479 2235 1650 2302 Wanrnnr
1671 2233 1763 2301 Coss

390 2377 565 2443 Jcnsusrs
576 2374 735 2442 Turrino
753 2375 777 2442 J
777 2397 929 2442 omniura
943 2375 1164 2442 hasnum
1185 2372 1361 2442 Wmnmu
1375 2371 1577 2438 Bannnwrr
1600 2370 1765 2438 Prummu

389 2512 554 2580 Tannum
590 2512 781 2582 Wrnssnrss
807 2512 1017 2579 Hunnnnwn
1053 2511 1181 2580 Tuon
1204 2511 1363 2579 Cirr-ros
1399 2510 1555 2577 Bonnam
1584 2508 1767 2578 Wrwm

387 2651 565 2720 Jomrus
586 2652 831 2718 ffimsnwnm
860 2649 1016 2717 Bonum
1030 2649 1153 2717 Suum
1168 2650 1209 2718 de
1225 2699 1397 2718 ......
1420 2654 1454 2714 et
1469 2647 1623 2714 Rcsrnrr
1645 2646 1767 2715 Monte

388 2790 611 2862 ordinatorum
626 2795 659 2855 et
669 2789 853 2875 junctorum
868 2811 963 2875 super
976 2789 1118 2855 diversus
1137 2787 1289 2854 articulus
1309 2787 1345 2853 in
1367 2787 1453 2852 dicto
1474 2785 1566 2851 brevi
1586 2790 1761 2853 contentus

391 2925 459 2998 Qui
484 2927 597 2993 dicunt
622 2947 718 3013 super
743 2932 979 2992 sacramentum
1001 2947 1098 2991 suum
1119 2925 1209 3010 quod
1240 2923 1424 2991 Jomrns
1452 2923 1583 2990 Bassus
1610 2922 1648 2989 in
1674 2921 1766 2990 brevi

387 3064 558 3130 nominato
586 3063 693 3129 tenuit
716 3063 769 3129 die
794 3085 859 3148 quc
885 3061 1025 3128 obiitin
1049 3061 1177 3148 eccagio
1204 3062 1246 3128 de
1274 3061 1406 3127 domino
1435 3060 1530 3148 Rege
1557 3062 1765 3128 medietatem

389 3200 527 3267 manerii
541 3201 582 3266 de
598 3199 797 3273 Qunsnuus
811 3223 869 3286 per
883 3199 1052 3266 servicium
1069 3198 1226 3265 reddendi
1246 3199 1325 3266 inde
1346 3196 1404 3286 per·
1424 3222 1548 3264 annum
1570 3199 1656 3265 dicto
1678 3197 1765 3284 Regi

389 3361 494 3406 unum
522 3361 635 3404 cenem
657 3339 697 3404 ds
719 3343 826 3404 ments
847 3359 907 3424 pro
928 3334 1079 3404 omnibus
1099 3336 1250 3403 servicfis
1295 3336 1342 3402 Et
1364 3337 1451 3422 quod
1472 3337 1560 3402 idam
1581 3335 1764 3403 Jonarsnns

390 3498 458 3542 ncn
479 3475 587 3542 tenuit
609 3474 719 3561 aliqua
740 3475 928 3541 aliatenus
949 3496 1010 3540 nec
1030 3478 1218 3540 tenemento
1237 3474 1273 3540 in
1295 3474 1451 3540 comitatu
1473 3475 1616 3561 predicto
1634 3475 1687 3541 die
1700 3494 1765 3562 quc

390 3611 481 3680 obiit.
526 3613 574 3679 Et
596 3613 683 3699 quod
706 3611 851 3699 predicta
874 3611 1032 3678 medietas
1053 3611 1191 3677 manerii
1215 3610 1304 3678 valet
1325 3635 1384 3698 per
1406 3633 1530 3677 annum
1554 3611 1591 3676 in
1616 3607 1765 3676 omnibus

391 3750 531 3818 exitibus
545 3751 611 3817 suis
623 3751 712 3816 ultre
726 3772 800 3815 suas
813 3750 951 3837 reprisas
965 3753 1105 3834 quatuor
1123 3770 1255 3816 marcas
1300 3748 1348 3815 Et
1368 3749 1453 3834 quod
1474 3749 1562 3814 idem
1583 3747 1607 3815 J
1606 3767 1765 3814 omma

283 3935 290 3944 -
389 3886 521 3956 Basssr
535 3887 615 3954 obiit
629 3895 721 3954 sexto
736 3887 815 3953 dicti
829 3886 1045 3953 samaram
1058 3885 1207 3974 proximo
1220 3885 1291 3973 jam
1305 3887 1422 3973 elapso.
1457 3886 1505 3952 Et
1519 3885 1606 3973 quod
1620 3884 1764 3953 Tuom

390 4021 523 4090 Bassus
536 4025 638 4112 irater
651 4025 796 4110 ejusdem
809 4029 858 4090 est
872 4024 1083 4112 propinquior
1096 4022 1189 4090 heras
1202 4023 1348 4110 ejusdam
1369 4023 1394 4090 J
1394 4045 1546 4091 OHANNIS
1560 4029 1594 4090 et
1608 4028 1658 4090 est
1670 4022 1766 4091 etatis

393 4160 635 4246 quatuordecim
656 4184 816 4228 annorum
830 4165 863 4228 st
878 4161 1027 4248 amplius.
1072 4160 1116 4228 In
1135 4161 1227 4249 cujus
1240 4163 1288 4228 rei
1301 4163 1525 4228 testimonium
1545 4161 1623 4228 huic
1642 4160 1764 4248 inquis·

393 4295 490 4362 itioni
513 4296 673 4382 juratores
700 4299 837 4386 predicti
865 4298 974 4386 sigilla
1002 4321 1062 4366 sua
1090 4305 1318 4388 apposuerunt
1362 4299 1489 4367 Datum
1521 4300 1574 4365 die
1609 4305 1644 4367 et
1679 4320 1763 4366 anno

394 4433 595 4521 supradictis

433 4569 501 4617 John
517 4569 604 4618 ΒΜ
619 4585 670 4618 rm
684 4573 711 4619 ct
726 4573 763 4620 St.
778 4573 868 4634 Hilsry
883 4573 909 4621 in
920 4573 1080 4636 Glsmorgan,
1089 4574 1139 4623 and
1148 4575 1206 4622 hers
1215 4588 1320 4636 appears
1329 4589 1357 4623 as
1367 4575 1462 4634 haring
1470 4575 1527 4622 hald
1540 4574 1583 4622 tna
1595 4571 1640 4635 [de
1649 4571 1756 4634 sunm]

401 4653 492 4702 lucr
501 4653 529 4702 ct
543 4653 690 4717 Quesnhnll,
700 4656 742 4705 Oc.
753 4656 906 4706 Glaucester.
