4009 5434
471 65 537 131 374

426 385 535 448 nostre
557 379 700 466 predicte
727 379 818 448 etsi
845 379 970 466 sliquos
997 379 1078 446 elios
1105 377 1225 446 ibidem
1245 383 1514 466 manuopersntcs
1533 379 1678 445 inveniet
1712 381 1798 466 ipsos

424 517 594 585 edcclrinri
617 517 718 584 iscist
744 523 779 584 et
806 517 1057 584 cttccbiumeute
1081 521 1264 603 presentent
1288 519 1331 585 ed
1355 517 1562 584 hundredum
1586 517 1663 584 ville
1688 527 1794 586 nostre

423 621 566 744 emis
587 660 621 720 ot
641 653 708 720 ent
728 651 849 720 ciem
873 652 1039 721 mesae
1063 655 1238 722 mecum
1258 654 1474 742 quiessem
1494 655 1613 722 seces.
1658 653 1794 743 nsaw

425 789 637 860 concessimus
672 789 808 878 profetis
841 789 1056 880 burgensibus
1090 791 1208 858 nostris
1243 793 1329 879 quod
1364 815 1475 859 omnes
1505 797 1696 860 mercatores
1730 801 1796 860 tum

425 929 575 1020 mutii
608 929 759 1001 cerdones
790 927 952 1016 pelliparii
983 929 1158 996 cirotecsrii
1194 953 1292 1017 quum
1320 931 1378 996 ulii
1405 930 1523 998 diversi
1557 931 1614 1017 qui
1645 955 1687 997 ex
1722 955 1796 998 rm·

426 1067 552 1136 didone
588 1074 622 1136 et
660 1065 826 1154 empcione
865 1067 978 1134 vivunt
1016 1066 1105 1134 inire
1132 1067 1312 1134 dominium
1346 1071 1492 1136 nostrum
1526 1065 1796 1136 emersissem

425 1210 461 1274 et
488 1203 697 1273 Monosucrn
726 1205 864 1273 residere
891 1204 1032 1273 debeuut
1059 1204 1095 1271 in
1124 1203 1210 1271 villis
1237 1205 1278 1270 ds
1307 1203 1424 1292 Burgh
1446 1211 1480 1272 et
1506 1227 1574 1270 non
1609 1205 1734 1292 uptund
1761 1211 1794 1273 et

426 1343 516 1433 quod
544 1343 746 1412 omnimodus
780 1341 997 1411 mercundisos
1032 1339 1153 1410 ficiunt
1188 1341 1224 1408 in
1258 1341 1414 1408 nundinis
1449 1341 1541 1410 floris
1576 1349 1609 1411 et
1643 1343 1679 1410 in
1715 1344 1800 1412 villis

428 1481 470 1550 ds
495 1481 612 1572 Burgh
634 1487 668 1551 st
688 1505 755 1550 non
783 1479 872 1550 ulibi
928 1479 976 1548 Et
1003 1479 1105 1548 eciem
1130 1481 1217 1568 quod
1245 1502 1356 1547 omnes
1368 1483 1557 1546 mercatores
1585 1503 1659 1548 cum
1691 1504 1799 1548 eorum

426 1621 637 1690 mesanum
664 1621 743 1689 ciet
771 1642 839 1689 non
867 1587 1034 1688 mede
1061 1639 1161 1706 quem
1188 1639 1246 1704 per
1273 1617 1397 1704 rogus
1424 1615 1510 1684 vicos
1538 1639 1596 1703 per
1632 1617 1729 1684 vum
1758 1621 1798 1686 <10

425 1756 553 1848 Burgh.
609 1757 664 1827 Itu
692 1759 780 1846 quod
807 1779 867 1825 nos
895 1779 955 1825 nec
982 1754 1115 1823 heredes
1142 1754 1245 1824 nocui
1272 1755 1432 1822 tolnetum
1460 1759 1606 1823 nostrum
1633 1779 1693 1824 nec
1721 1757 1798 1824 nlius

423 1901 587 1966 custumes
616 1896 710 1966 nobis
744 1895 869 1964 debitus
902 1893 1012 1981 ulique
1046 1897 1189 1980 tompore
1225 1893 1421 1961 omittemus.
1465 1891 1513 1960 Et
1545 1896 1632 1982 quod
1663 1895 1796 1982 prodisti

426 2031 602 2122 burgenses
630 2033 732 2102 nosci
764 2055 825 2101 nec
853 2053 965 2100 eorum
992 2031 1126 2100 heredes
1153 2031 1296 2121 eliqucm
1327 2015 1716 2121 vigillscicnem'fucisnt
1742 2055 1800 2100 uec

427 2171 570 2260 aliquem
592 2170 772 2260 fugitivum
794 2169 830 2238 in
855 2169 965 2257 ulique
986 2168 1117 2238 eoclsds
1140 2169 1323 2236 cutodiunt
1346 2171 1438 2238 extre
1462 2189 1571 2235 muros
1593 2169 1670 2236 ville
1695 2173 1799 2236 nosue

425 2309 568 2398 predicte
579 2331 589 2391 3
612 2307 823 2377 concessimus
845 2329 921 2375 vero
943 2307 1095 2394 predictis
1116 2304 1330 2395 burgensibus
1352 2307 1469 2374 uostris
1493 2307 1582 2395 quod
1599 2329 1658 2394 psr
1674 2307 1798 2373 ordine·

425 2445 550 2514 cionem
561 2444 788 2514 constabularii
801 2442 938 2533 predicti
953 2442 1172 2512 ordinaciones
1182 2448 1216 2512 et
1226 2444 1434 2514 clumccionee
1447 2443 1547 2512 libere
1557 2443 1663 2512 fucere
1673 2447 1799 2532 possent

427 2583 469 2652 de
490 2582 589 2650 ussisc
610 2583 704 2672 punis
726 2588 760 2651 et
781 2581 913 2652 cervisie
927 2586 962 2650 et
983 2583 1024 2649 ds
1045 2581 1118 2648 eliis
1139 2581 1271 2650 diemde
1291 2581 1388 2652 rebus
1410 2585 1454 2651 ud
1471 2583 1673 2652 voluntatem
1692 2604 1800 2650 eorum

426 2721 563 2788 eundem
581 2721 693 2788 villum
710 2719 922 2810 tangentibus
943 2721 1199 2808 quandocunque
1220 2742 1345 2790 necesse
1366 2721 1467 2790 fuerit
1486 2723 1529 2789 ed
1543 2721 1800 2790 emendacionem

426 2857 516 2928 illius
537 2857 613 2926 ville
635 2863 669 2926 et
689 2857 868 2947 proficuum
889 2857 1024 2946 populi;
1047 2858 1192 2926 nolentes
1213 2857 1314 2926 eciem
1328 2861 1414 2948 quod
1430 2859 1534 2948 iidem
1547 2825 1722 2948 burgenses
1736 2857 1800 2925 siut

423 2993 519 3084 ligeti
539 2992 629 3084 [per]
654 2994 922 3082 proclemccicncs
939 2995 975 3062 in
993 2995 1148 3064 comitutu
1164 2999 1273 3065 nostro
1288 2994 1506 3064 errrorem
1528 2996 1637 3084 utiquc
1655 3000 1799 3082 tempore

425 3133 529 3202 lucus
542 3138 576 3201 et
589 3133 677 3221 quod
690 3131 832 3200 hebemt
845 3131 1009 3220 prisonem
1023 3155 1114 3200 suem
1128 3134 1164 3200 in
1179 3135 1291 3202 ecdem
1309 3133 1411 3202 rillun
1425 3139 1511 3202 cetra
1524 3135 1568 3201 sd
1580 3133 1801 3200 muleisctcres

426 3276 461 3342 et
480 3271 616 3340 rebelles
629 3268 751 3338 ibidem
765 3271 1012 3339 custodiendum
1026 3277 1060 3340 et
1074 3272 1298 3361 castigandum
1313 3274 1402 3341 stud
1419 3273 1526 3362 legem
1545 3270 1747 3360 implendum
1768 3273 1800 3338 et

424 3409 602 3478 tenendum
614 3433 623 3492 ς
645 3431 771 3478 necnon
785 3410 1009 3478 exconcicnem
1024 3409 1209 3479 isciendrun
1223 3433 1329 3478 corum
1348 3409 1582 3480 constabulario
1600 3412 1709 3477 nosue
1729 3431 1799 3496 pre-

424 3547 512 3616 dicto
526 3569 600 3615 cum
614 3547 732 3634 placito
743 3547 795 3616 vel
810 3547 878 3616 sine
892 3547 1011 3636 placito
1025 3550 1066 3616 ds
1077 3545 1226 3616 omnibus
1238 3546 1334 3614 rebus
1344 3539 1456 3614 villum
1466 3550 1609 3614 nostrum
1622 3544 1800 3633 predictum

422 3685 642 3774 iungentibus
687 3683 839 3754 Pretcrue
860 3684 1071 3754 concessimus
1088 3684 1224 3773 profetis
1245 3683 1459 3773 burgensibus
1482 3683 1599 3752 norb-is
1622 3684 1711 3772 quod
1736 3685 1799 3751 due

424 3825 572 3894 nundine
586 3824 702 3893 sintin
716 3827 829 3893 ecdem
844 3825 921 3892 villu
934 3828 1045 3892 nosue
1059 3823 1203 3910 quolibet
1221 3845 1307 3891 enno
1322 3821 1405 3890 sicut
1418 3845 1484 3891 esse
1498 3821 1645 3890 sclebeut
1657 3826 1800 3908 ternpore

423 3967 659 4033 antecessorum
673 3967 856 4032 nostrorum
871 3962 1021 4031 videlicet
1030 3962 1176 4031 nundine
1187 3984 1250 4050 que
1259 3961 1421 4050 incipiunt
1432 3961 1469 4028 iu
1479 3960 1594 4050 vigilis
1607 3959 1799 4029 Natiuitatis

52 4989 1757 5378 ³
