<?xml version="1.0" encoding="UTF-8"?>
<!DOCTYPE html PUBLIC "-//W3C//DTD XHTML 1.0 Transitional//EN"
    "http://www.w3.org/TR/xhtml1/DTD/xhtml1-transitional.dtd">
<html xmlns="http://www.w3.org/1999/xhtml" xml:lang="en" lang="en">
 <head>
  <title>
</title>
<meta http-equiv="Content-Type" content="text/html;charset=utf-8" />
  <meta name='ocr-system' content='tesseract 3.04.00' />
  <meta name='ocr-capabilities' content='ocr_page ocr_carea ocr_par ocr_line ocrx_word'/>
</head>
<body>
  <div class='ocr_page' id='page_1' title='image "./cartetaliamunim01abbegoog_0074.png"; bbox 0 0 4009 5434; ppageno 0'>
   <div class='ocr_carea' id='block_1_1' title="bbox 1539 594 1581 661">
    <p class='ocr_par' dir='ltr' id='par_1_1' title="bbox 1539 594 1581 661">
     <span class='ocr_line' id='line_1_1' title="bbox 1539 594 1581 661; baseline -0.024 0"><span class='ocrx_word' id='word_1_1' title='bbox 1539 594 1581 661; x_wconf 80' lang='lat' dir='ltr'><strong>ol</strong></span> 
     </span>
    </p>
   </div>
   <div class='ocr_carea' id='block_1_2' title="bbox 255 905 1631 1836">
    <p class='ocr_par' dir='ltr' id='par_1_2' title="bbox 255 905 1631 1836">
     <span class='ocr_line' id='line_1_2' title="bbox 263 905 1630 1002; baseline -0.004 -22"><span class='ocrx_word' id='word_1_2' title='bbox 263 911 512 1002; x_wconf 77' lang='lat' dir='ltr'><strong>inlongitudine</strong></span> <span class='ocrx_word' id='word_1_3' title='bbox 526 934 548 979; x_wconf 79' lang='lat' dir='ltr'><strong>e</strong></span> <span class='ocrx_word' id='word_1_4' title='bbox 561 915 654 1000; x_wconf 84' lang='lat' dir='ltr'><strong>preto</strong></span> <span class='ocrx_word' id='word_1_5' title='bbox 675 909 802 980; x_wconf 88' lang='lat' dir='ltr'><strong>eomitis</strong></span> <span class='ocrx_word' id='word_1_6' title='bbox 822 931 924 998; x_wconf 81' lang='lat' dir='ltr'><strong>nsque</strong></span> <span class='ocrx_word' id='word_1_7' title='bbox 945 909 988 978; x_wconf 84' lang='lat' dir='ltr'><strong>od</strong></span> <span class='ocrx_word' id='word_1_8' title='bbox 1010 909 1305 977; x_wconf 76' lang='lat' dir='ltr'><strong>Goonnsronoorse</strong></span> <span class='ocrx_word' id='word_1_9' title='bbox 1326 905 1453 976; x_wconf 83' lang='lat' dir='ltr'><strong>ebbotis</strong></span> <span class='ocrx_word' id='word_1_10' title='bbox 1473 909 1515 976; x_wconf 82' lang='lat' dir='ltr'><strong>de</strong></span> <span class='ocrx_word' id='word_1_11' title='bbox 1535 907 1630 976; x_wconf 84' lang='lat' dir='ltr'><strong>Neth</strong></span> 
     </span>
     <span class='ocr_line' id='line_1_3' title="bbox 262 1044 1631 1134; baseline -0.003 -16"><span class='ocrx_word' id='word_1_12' title='bbox 262 1055 289 1118; x_wconf 82' lang='lat' dir='ltr'><strong>ot</strong></span> <span class='ocrx_word' id='word_1_13' title='bbox 313 1074 346 1118; x_wconf 90' lang='lat' dir='ltr'><strong>se</strong></span> <span class='ocrx_word' id='word_1_14' title='bbox 369 1051 519 1120; x_wconf 86' lang='lat' dir='ltr'><strong>extendit</strong></span> <span class='ocrx_word' id='word_1_15' title='bbox 543 1051 580 1118; x_wconf 83' lang='lat' dir='ltr'><strong>in</strong></span> <span class='ocrx_word' id='word_1_16' title='bbox 602 1049 820 1118; x_wconf 71' lang='lat' dir='ltr'><strong>latitudines</strong></span> <span class='ocrx_word' id='word_1_17' title='bbox 844 1046 1067 1117; x_wconf 61' lang='lat' dir='ltr'><strong>winemero</strong></span> <span class='ocrx_word' id='word_1_18' title='bbox 1094 1069 1194 1134; x_wconf 82' lang='lat' dir='ltr'><strong>quem</strong></span> <span class='ocrx_word' id='word_1_19' title='bbox 1222 1044 1439 1115; x_wconf 77' lang='lat' dir='ltr'><strong>Wunsusos</strong></span> <span class='ocrx_word' id='word_1_20' title='bbox 1465 1046 1631 1116; x_wconf 62' lang='lat' dir='ltr'><strong>&amp;nvom</strong></span> 
     </span>
     <span class='ocr_line' id='line_1_4' title="bbox 255 1183 1631 1275; baseline -0.001 -20"><span class='ocrx_word' id='word_1_21' title='bbox 255 1192 342 1256; x_wconf 66' lang='lat' dir='ltr'><strong>boet</strong></span> <span class='ocrx_word' id='word_1_22' title='bbox 357 1211 460 1275; x_wconf 88' lang='lat' dir='ltr'><strong>usqne</strong></span> <span class='ocrx_word' id='word_1_23' title='bbox 473 1188 505 1255; x_wconf 91' lang='lat' dir='ltr'><strong>le</strong></span> <span class='ocrx_word' id='word_1_24' title='bbox 519 1186 652 1275; x_wconf 82' lang='lat' dir='ltr'><strong>Burgus</strong></span> <span class='ocrx_word' id='word_1_25' title='bbox 666 1186 707 1254; x_wconf 83' lang='lat' dir='ltr'><strong>de</strong></span> <span class='ocrx_word' id='word_1_26' title='bbox 721 1183 873 1253; x_wconf 69' lang='lat' dir='ltr'><strong>Remo</strong></span> <span class='ocrx_word' id='word_1_27' title='bbox 887 1206 1096 1273; x_wconf 72' lang='lat' dir='ltr'><strong>superquam</strong></span> <span class='ocrx_word' id='word_1_28' title='bbox 1109 1206 1315 1252; x_wconf 86' lang='lat' dir='ltr'><strong>eommunum</strong></span> <span class='ocrx_word' id='word_1_29' title='bbox 1334 1185 1497 1272; x_wconf 86' lang='lat' dir='ltr'><strong>prediotus</strong></span> <span class='ocrx_word' id='word_1_30' title='bbox 1509 1207 1631 1253; x_wconf 88' lang='lat' dir='ltr'><strong>messor</strong></span> 
     </span>
     <span class='ocr_line' id='line_1_5' title="bbox 256 1320 1631 1416; baseline -0.002 -22"><span class='ocrx_word' id='word_1_31' title='bbox 256 1349 312 1416; x_wconf 89' lang='lat' dir='ltr'><strong>pro</strong></span> <span class='ocrx_word' id='word_1_32' title='bbox 336 1325 506 1394; x_wconf 89' lang='lat' dir='ltr'><strong>eommodo</strong></span> <span class='ocrx_word' id='word_1_33' title='bbox 530 1329 640 1393; x_wconf 83' lang='lat' dir='ltr'><strong>nostro</strong></span> <span class='ocrx_word' id='word_1_34' title='bbox 663 1322 915 1392; x_wconf 81' lang='lat' dir='ltr'><strong>etteehiemente</strong></span> <span class='ocrx_word' id='word_1_35' title='bbox 940 1321 1048 1390; x_wconf 84' lang='lat' dir='ltr'><strong>ieoiet.</strong></span> <span class='ocrx_word' id='word_1_36' title='bbox 1092 1320 1141 1389; x_wconf 73' lang='lat' dir='ltr'><strong>let</strong></span> <span class='ocrx_word' id='word_1_37' title='bbox 1162 1321 1190 1388; x_wconf 91' lang='lat' dir='ltr'><strong>si</strong></span> <span class='ocrx_word' id='word_1_38' title='bbox 1211 1320 1328 1410; x_wconf 82' lang='lat' dir='ltr'><strong>uliquis</strong></span> <span class='ocrx_word' id='word_1_39' title='bbox 1352 1323 1393 1390; x_wconf 85' lang='lat' dir='ltr'><strong>de</strong></span> <span class='ocrx_word' id='word_1_40' title='bbox 1414 1321 1631 1412; x_wconf 72' lang='lat' dir='ltr'>burgensibus</span> 
     </span>
     <span class='ocr_line' id='line_1_6' title="bbox 256 1459 1630 1551; baseline -0.001 -20"><span class='ocrx_word' id='word_1_41' title='bbox 256 1464 330 1532; x_wconf 85' lang='lat' dir='ltr'><strong>ville</strong></span> <span class='ocrx_word' id='word_1_42' title='bbox 343 1469 456 1532; x_wconf 85' lang='lat' dir='ltr'><strong>nostre</strong></span> <span class='ocrx_word' id='word_1_43' title='bbox 470 1463 612 1551; x_wconf 78' lang='lat' dir='ltr'><strong>predicte</strong></span> <span class='ocrx_word' id='word_1_44' title='bbox 626 1463 669 1530; x_wconf 84' lang='lat' dir='ltr'><strong>ed</strong></span> <span class='ocrx_word' id='word_1_45' title='bbox 684 1465 874 1530; x_wconf 86' lang='lat' dir='ltr'><strong>oomitetnm</strong></span> <span class='ocrx_word' id='word_1_46' title='bbox 891 1465 1038 1528; x_wconf 87' lang='lat' dir='ltr'><strong>nostrum</strong></span> <span class='ocrx_word' id='word_1_47' title='bbox 1059 1459 1333 1527; x_wconf 74' lang='lat' dir='ltr'><strong>Gnsrsoneurrorn</strong></span> <span class='ocrx_word' id='word_1_48' title='bbox 1355 1461 1464 1550; x_wconf 85' lang='lat' dir='ltr'><strong>ulique</strong></span> <span class='ocrx_word' id='word_1_49' title='bbox 1484 1464 1630 1549; x_wconf 84' lang='lat' dir='ltr'><strong>temporo</strong></span> 
     </span>
     <span class='ocr_line' id='line_1_7' title="bbox 257 1597 1630 1688; baseline -0.002 -19"><span class='ocrx_word' id='word_1_50' title='bbox 257 1601 426 1669; x_wconf 80' lang='lat' dir='ltr'><strong>stteohiuri</strong></span> <span class='ocrx_word' id='word_1_51' title='bbox 440 1600 612 1688; x_wconf 79' lang='lat' dir='ltr'><strong>oontigerit</strong></span> <span class='ocrx_word' id='word_1_52' title='bbox 625 1600 775 1669; x_wconf 84' lang='lat' dir='ltr'><strong>volumus</strong></span> <span class='ocrx_word' id='word_1_53' title='bbox 788 1604 822 1668; x_wconf 86' lang='lat' dir='ltr'><strong>et</strong></span> <span class='ocrx_word' id='word_1_54' title='bbox 836 1599 1039 1666; x_wconf 89' lang='lat' dir='ltr'><strong>oenoedimus</strong></span> <span class='ocrx_word' id='word_1_55' title='bbox 1052 1599 1141 1684; x_wconf 86' lang='lat' dir='ltr'><strong>quod</strong></span> <span class='ocrx_word' id='word_1_56' title='bbox 1154 1598 1310 1665; x_wconf 86' lang='lat' dir='ltr'><strong>medietus</strong></span> <span class='ocrx_word' id='word_1_57' title='bbox 1323 1597 1545 1686; x_wconf 84' lang='lat' dir='ltr'><strong>inquisioionie</strong></span> <span class='ocrx_word' id='word_1_58' title='bbox 1566 1621 1630 1686; x_wconf 87' lang='lat' dir='ltr'><strong>quo</strong></span> 
     </span>
     <span class='ocr_line' id='line_1_8' title="bbox 257 1735 1631 1836; baseline -0.002 -29"><span class='ocrx_word' id='word_1_59' title='bbox 257 1737 422 1836; x_wconf 83' lang='lat' dir='ltr'><strong>snperoopi</strong></span> <span class='ocrx_word' id='word_1_60' title='bbox 436 1737 553 1806; x_wconf 84' lang='lat' dir='ltr'><strong>debeet</strong></span> <span class='ocrx_word' id='word_1_61' title='bbox 566 1737 609 1806; x_wconf 84' lang='lat' dir='ltr'><strong>sit</strong></span> <span class='ocrx_word' id='word_1_62' title='bbox 623 1738 665 1806; x_wconf 86' lang='lat' dir='ltr'><strong>de</strong></span> <span class='ocrx_word' id='word_1_63' title='bbox 677 1735 894 1826; x_wconf 76' lang='lat' dir='ltr'><strong>burgensibus</strong></span> <span class='ocrx_word' id='word_1_64' title='bbox 907 1737 984 1804; x_wconf 85' lang='lat' dir='ltr'><strong>ville</strong></span> <span class='ocrx_word' id='word_1_65' title='bbox 1001 1741 1110 1803; x_wconf 87' lang='lat' dir='ltr'><strong>nostre</strong></span> <span class='ocrx_word' id='word_1_66' title='bbox 1131 1736 1273 1823; x_wconf 83' lang='lat' dir='ltr'><strong>prediote</strong></span> <span class='ocrx_word' id='word_1_67' title='bbox 1294 1738 1329 1803; x_wconf 87' lang='lat' dir='ltr'><strong>et</strong></span> <span class='ocrx_word' id='word_1_68' title='bbox 1350 1735 1453 1803; x_wconf 81' lang='lat' dir='ltr'><strong>ultore</strong></span> <span class='ocrx_word' id='word_1_69' title='bbox 1473 1736 1631 1804; x_wconf 78' lang='lat' dir='ltr'><strong>medietas</strong></span> 
     </span>
    </p>
   </div>
   <div class='ocr_carea' id='block_1_3' title="bbox 257 1876 460 1944">
    <p class='ocr_par' dir='ltr' id='par_1_3' title="bbox 257 1876 460 1944">
     <span class='ocr_line' id='line_1_9' title="bbox 257 1876 460 1944; baseline 0 -1"><span class='ocrx_word' id='word_1_70' title='bbox 257 1876 296 1944; x_wconf 86' lang='lat' dir='ltr'><strong>de</strong></span> <span class='ocrx_word' id='word_1_71' title='bbox 309 1877 460 1944; x_wconf 82' lang='lat' dir='ltr'><strong>vieineto.</strong></span> 
     </span>
    </p>
   </div>
   <div class='ocr_carea' id='block_1_4' title="bbox 257 2021 1736 2524">
    <p class='ocr_par' dir='ltr' id='par_1_4' title="bbox 257 2021 1736 2524">
     <span class='ocr_line' id='line_1_10' title="bbox 299 2021 1631 2114; baseline -0.001 -21"><span class='ocrx_word' id='word_1_72' title='bbox 299 2024 521 2093; x_wconf 76' lang='lat' dir='ltr'><strong>Gonoessimus</strong></span> <span class='ocrx_word' id='word_1_73' title='bbox 541 2025 674 2114; x_wconf 76' lang='lat' dir='ltr'><strong>inorper</strong></span> <span class='ocrx_word' id='word_1_74' title='bbox 694 2021 829 2114; x_wconf 74' lang='lat' dir='ltr'><strong>prefatis</strong></span> <span class='ocrx_word' id='word_1_75' title='bbox 850 2022 1066 2112; x_wconf 74' lang='lat' dir='ltr'>burgensibus</span> <span class='ocrx_word' id='word_1_76' title='bbox 1086 2021 1205 2089; x_wconf 78' lang='lat' dir='ltr'><strong>uostris</strong></span> <span class='ocrx_word' id='word_1_77' title='bbox 1225 2027 1356 2089; x_wconf 88' lang='lat' dir='ltr'><strong>eentum</strong></span> <span class='ocrx_word' id='word_1_78' title='bbox 1384 2023 1522 2110; x_wconf 86' lang='lat' dir='ltr'><strong>pertioes</strong></span> <span class='ocrx_word' id='word_1_79' title='bbox 1545 2028 1631 2092; x_wconf 85' lang='lat' dir='ltr'><strong>terre</strong></span> 
     </span>
     <span class='ocr_line' id='line_1_11' title="bbox 258 2149 1736 2252; baseline -0.001 -22"><span class='ocrx_word' id='word_1_80' title='bbox 258 2163 292 2230; x_wconf 86' lang='lat' dir='ltr'><strong>iu¹</strong></span> <span class='ocrx_word' id='word_1_81' title='bbox 319 2167 536 2252; x_wconf 74' lang='lat' dir='ltr'><strong>angmentum</strong></span> <span class='ocrx_word' id='word_1_82' title='bbox 565 2161 756 2230; x_wconf 83' lang='lat' dir='ltr'><strong>ffrunohesie</strong></span> <span class='ocrx_word' id='word_1_83' title='bbox 785 2183 896 2230; x_wconf 87' lang='lat' dir='ltr'><strong>eorum</strong></span> <span class='ocrx_word' id='word_1_84' title='bbox 933 2159 1083 2228; x_wconf 86' lang='lat' dir='ltr'><strong>videlieet</strong></span> <span class='ocrx_word' id='word_1_85' title='bbox 1119 2160 1160 2226; x_wconf 83' lang='lat' dir='ltr'><strong>de</strong></span> <span class='ocrx_word' id='word_1_86' title='bbox 1196 2160 1319 2248; x_wconf 83' lang='lat' dir='ltr'><strong>oopelle</strong></span> <span class='ocrx_word' id='word_1_87' title='bbox 1355 2159 1473 2228; x_wconf 83' lang='lat' dir='ltr'><strong>Senote</strong></span> <span class='ocrx_word' id='word_1_88' title='bbox 1508 2160 1631 2230; x_wconf 75' lang='lat' dir='ltr'><strong>Murus</strong></span> <span class='ocrx_word' id='word_1_89' title='bbox 1732 2149 1736 2156; x_wconf 43' lang='lat'>⁵</span> 
     </span>
     <span class='ocr_line' id='line_1_12' title="bbox 258 2295 1633 2388; baseline 0.001 -23"><span class='ocrx_word' id='word_1_90' title='bbox 258 2297 479 2365; x_wconf 64' lang='lat' dir='ltr'><strong>mensum</strong></span> <span class='ocrx_word' id='word_1_91' title='bbox 509 2321 619 2366; x_wconf 86' lang='lat' dir='ltr'><strong>versus</strong></span> <span class='ocrx_word' id='word_1_92' title='bbox 646 2302 773 2388; x_wconf 80' lang='lat' dir='ltr'><strong>portem</strong></span> <span class='ocrx_word' id='word_1_93' title='bbox 802 2296 992 2365; x_wconf 73' lang='lat' dir='ltr'><strong>orientalem</strong></span> <span class='ocrx_word' id='word_1_94' title='bbox 1020 2302 1055 2364; x_wconf 87' lang='lat' dir='ltr'><strong>et</strong></span> <span class='ocrx_word' id='word_1_95' title='bbox 1082 2295 1164 2364; x_wconf 85' lang='lat' dir='ltr'><strong>oitro</strong></span> <span class='ocrx_word' id='word_1_96' title='bbox 1198 2297 1446 2386; x_wconf 85' lang='lat' dir='ltr'><strong>eiroumqueque</strong></span> <span class='ocrx_word' id='word_1_97' title='bbox 1482 2300 1633 2388; x_wconf 77' lang='lat' dir='ltr'><strong>antiquus</strong></span> 
     </span>
     <span class='ocr_line' id='line_1_13' title="bbox 257 2433 1633 2524; baseline 0.001 -21"><span class='ocrx_word' id='word_1_98' title='bbox 257 2434 384 2503; x_wconf 76' lang='lat' dir='ltr'><strong>bundas</strong></span> <span class='ocrx_word' id='word_1_99' title='bbox 417 2440 450 2503; x_wconf 91' lang='lat' dir='ltr'><strong>et</strong></span> <span class='ocrx_word' id='word_1_100' title='bbox 482 2435 604 2502; x_wconf 82' lang='lat' dir='ltr'><strong>limites</strong></span> <span class='ocrx_word' id='word_1_101' title='bbox 633 2435 712 2503; x_wconf 85' lang='lat' dir='ltr'><strong>dieti</strong></span> <span class='ocrx_word' id='word_1_102' title='bbox 741 2434 840 2524; x_wconf 79' lang='lat' dir='ltr'><strong>burgi</strong></span> <span class='ocrx_word' id='word_1_103' title='bbox 869 2435 909 2502; x_wconf 85' lang='lat' dir='ltr'><strong>de</strong></span> <span class='ocrx_word' id='word_1_104' title='bbox 938 2433 1090 2500; x_wconf 75' lang='lat' dir='ltr'><strong>Knsruo</strong></span> <span class='ocrx_word' id='word_1_105' title='bbox 1119 2434 1316 2502; x_wconf 82' lang='lat' dir='ltr'><strong>retiflosutos</strong></span> <span class='ocrx_word' id='word_1_106' title='bbox 1344 2440 1378 2503; x_wconf 88' lang='lat' dir='ltr'><strong>et</strong></span> <span class='ocrx_word' id='word_1_107' title='bbox 1405 2436 1633 2504; x_wconf 84' lang='lat' dir='ltr'><strong>oonflrmsntes</strong></span> 
     </span>
    </p>
   </div>
   <div class='ocr_carea' id='block_1_5' title="bbox 258 2539 1633 2663">
    <p class='ocr_par' dir='ltr' id='par_1_5' title="bbox 258 2539 1633 2663">
     <span class='ocr_line' id='line_1_14' title="bbox 258 2539 1633 2663; baseline 0.003 -23"><span class='ocrx_word' id='word_1_108' title='bbox 258 2573 496 2662; x_wconf 81' lang='lat' dir='ltr'><strong>imperpetuum</strong></span> <span class='ocrx_word' id='word_1_109' title='bbox 510 2595 568 2662; x_wconf 86' lang='lat' dir='ltr'><strong>per</strong></span> <span class='ocrx_word' id='word_1_110' title='bbox 581 2539 817 2660; x_wconf 30' lang='lat' dir='ltr'><strong>presentes&#39;pro</strong></span> <span class='ocrx_word' id='word_1_111' title='bbox 837 2570 931 2639; x_wconf 87' lang='lat' dir='ltr'><strong>nobis</strong></span> <span class='ocrx_word' id='word_1_112' title='bbox 952 2575 987 2639; x_wconf 89' lang='lat' dir='ltr'><strong>et</strong></span> <span class='ocrx_word' id='word_1_113' title='bbox 1007 2569 1180 2639; x_wconf 80' lang='lat' dir='ltr'><strong>heredibus</strong></span> <span class='ocrx_word' id='word_1_114' title='bbox 1201 2571 1319 2638; x_wconf 82' lang='lat' dir='ltr'><strong>nostris</strong></span> <span class='ocrx_word' id='word_1_115' title='bbox 1340 2594 1452 2639; x_wconf 81' lang='lat' dir='ltr'><strong>omnes</strong></span> <span class='ocrx_word' id='word_1_116' title='bbox 1471 2575 1633 2663; x_wconf 70' lang='lat' dir='ltr'><strong>predictae</strong></span> 
     </span>
    </p>
   </div>
   <div class='ocr_carea' id='block_1_6' title="bbox 257 2708 1633 3480">
    <p class='ocr_par' dir='ltr' id='par_1_6' title="bbox 257 2708 1633 3072">
     <span class='ocr_line' id='line_1_15' title="bbox 257 2708 1633 2800; baseline 0.003 -22"><span class='ocrx_word' id='word_1_117' title='bbox 257 2709 421 2778; x_wconf 72' lang='lat' dir='ltr'><strong>libertates</strong></span> <span class='ocrx_word' id='word_1_118' title='bbox 434 2714 504 2778; x_wconf 81' lang='lat' dir='ltr'><strong>tom</strong></span> <span class='ocrx_word' id='word_1_119' title='bbox 518 2710 559 2778; x_wconf 91' lang='lat' dir='ltr'><strong>de</strong></span> <span class='ocrx_word' id='word_1_120' title='bbox 572 2731 657 2778; x_wconf 81' lang='lat' dir='ltr'><strong>novo</strong></span> <span class='ocrx_word' id='word_1_121' title='bbox 676 2733 734 2800; x_wconf 86' lang='lat' dir='ltr'><strong>per</strong></span> <span class='ocrx_word' id='word_1_122' title='bbox 748 2732 809 2777; x_wconf 90' lang='lat' dir='ltr'><strong>uos</strong></span> <span class='ocrx_word' id='word_1_123' title='bbox 830 2708 1026 2796; x_wconf 73' lang='lat' dir='ltr'><strong>(innovatae)</strong></span> <span class='ocrx_word' id='word_1_124' title='bbox 1051 2731 1150 2795; x_wconf 87' lang='lat' dir='ltr'><strong>quem</strong></span> <span class='ocrx_word' id='word_1_125' title='bbox 1169 2731 1227 2797; x_wconf 83' lang='lat' dir='ltr'><strong>per</strong></span> <span class='ocrx_word' id='word_1_126' title='bbox 1247 2709 1406 2798; x_wconf 85' lang='lat' dir='ltr'><strong>prediotos</strong></span> <span class='ocrx_word' id='word_1_127' title='bbox 1420 2716 1633 2782; x_wconf 69' lang='lat' dir='ltr'><strong>antecessores</strong></span> 
     </span>
     <span class='ocr_line' id='line_1_16' title="bbox 259 2844 1633 2936; baseline 0.002 -22"><span class='ocrx_word' id='word_1_128' title='bbox 259 2855 382 2916; x_wconf 78' lang='lat' dir='ltr'><strong>nostres</strong></span> <span class='ocrx_word' id='word_1_129' title='bbox 409 2847 562 2936; x_wconf 87' lang='lat' dir='ltr'><strong>prediotis</strong></span> <span class='ocrx_word' id='word_1_130' title='bbox 592 2845 808 2936; x_wconf 79' lang='lat' dir='ltr'><strong>burgensibus</strong></span> <span class='ocrx_word' id='word_1_131' title='bbox 831 2844 949 2913; x_wconf 83' lang='lat' dir='ltr'><strong>uostris</strong></span> <span class='ocrx_word' id='word_1_132' title='bbox 971 2845 1013 2913; x_wconf 86' lang='lat' dir='ltr'><strong>de</strong></span> <span class='ocrx_word' id='word_1_133' title='bbox 1042 2844 1192 2913; x_wconf 70' lang='lat' dir='ltr'><strong>Knsrno</strong></span> <span class='ocrx_word' id='word_1_134' title='bbox 1214 2850 1381 2914; x_wconf 88' lang='lat' dir='ltr'><strong>eteorum</strong></span> <span class='ocrx_word' id='word_1_135' title='bbox 1402 2847 1633 2917; x_wconf 88' lang='lat' dir='ltr'><strong>suooessoribus</strong></span> 
     </span>
     <span class='ocr_line' id='line_1_17' title="bbox 259 2985 461 3072; baseline 0 -20"><span class='ocrx_word' id='word_1_136' title='bbox 259 2987 347 3072; x_wconf 87' lang='lat' dir='ltr'><strong>prius</strong></span> <span class='ocrx_word' id='word_1_137' title='bbox 359 2985 461 3052; x_wconf 82' lang='lat' dir='ltr'><strong>detes.</strong></span> 
     </span>
    </p>

    <p class='ocr_par' dir='ltr' id='par_1_7' title="bbox 260 3132 1632 3480">
     <span class='ocr_line' id='line_1_18' title="bbox 299 3132 1632 3224; baseline 0.001 -21"><span class='ocrx_word' id='word_1_138' title='bbox 299 3134 344 3203; x_wconf 89' lang='lat' dir='ltr'><strong>In</strong></span> <span class='ocrx_word' id='word_1_139' title='bbox 364 3133 461 3224; x_wconf 78' lang='lat' dir='ltr'><strong>ouius</strong></span> <span class='ocrx_word' id='word_1_140' title='bbox 474 3135 521 3202; x_wconf 90' lang='lat' dir='ltr'><strong>rei</strong></span> <span class='ocrx_word' id='word_1_141' title='bbox 534 3135 757 3204; x_wconf 85' lang='lat' dir='ltr'><strong>testimonium</strong></span> <span class='ocrx_word' id='word_1_142' title='bbox 778 3133 854 3202; x_wconf 88' lang='lat' dir='ltr'><strong>huie</strong></span> <span class='ocrx_word' id='word_1_143' title='bbox 874 3133 1017 3222; x_wconf 85' lang='lat' dir='ltr'><strong>presenti</strong></span> <span class='ocrx_word' id='word_1_144' title='bbox 1038 3136 1125 3201; x_wconf 83' lang='lat' dir='ltr'><strong>ourte</strong></span> <span class='ocrx_word' id='word_1_145' title='bbox 1146 3132 1292 3220; x_wconf 77' lang='lat' dir='ltr'><strong>sigillum</strong></span> <span class='ocrx_word' id='word_1_146' title='bbox 1313 3133 1501 3202; x_wconf 83' lang='lat' dir='ltr'><strong>oenoellerie</strong></span> <span class='ocrx_word' id='word_1_147' title='bbox 1521 3142 1632 3204; x_wconf 87' lang='lat' dir='ltr'><strong>nostre</strong></span> 
     </span>
     <span class='ocr_line' id='line_1_19' title="bbox 260 3268 1631 3360; baseline 0.004 -23"><span class='ocrx_word' id='word_1_148' title='bbox 260 3269 295 3338; x_wconf 89' lang='lat' dir='ltr'><strong>de</strong></span> <span class='ocrx_word' id='word_1_149' title='bbox 322 3269 486 3338; x_wconf 74' lang='lat' dir='ltr'><strong>Ksnumr</strong></span> <span class='ocrx_word' id='word_1_150' title='bbox 514 3271 667 3339; x_wconf 84' lang='lat' dir='ltr'><strong>duximus</strong></span> <span class='ocrx_word' id='word_1_151' title='bbox 693 3271 931 3360; x_wconf 83' lang='lat' dir='ltr'><strong>opponendum.</strong></span> <span class='ocrx_word' id='word_1_152' title='bbox 977 3269 1057 3338; x_wconf 88' lang='lat' dir='ltr'><strong>Hiis</strong></span> <span class='ocrx_word' id='word_1_153' title='bbox 1082 3268 1219 3338; x_wconf 76' lang='lat' dir='ltr'><strong>testibm</strong></span> <span class='ocrx_word' id='word_1_154' title='bbox 1242 3270 1374 3338; x_wconf 90' lang='lat' dir='ltr'><strong>domino</strong></span> <span class='ocrx_word' id='word_1_155' title='bbox 1395 3271 1561 3340; x_wconf 75' lang='lat' dir='ltr'><strong>Jomrsn</strong></span> <span class='ocrx_word' id='word_1_156' title='bbox 1589 3274 1631 3342; x_wconf 88' lang='lat' dir='ltr'><strong>de</strong></span> 
     </span>
     <span class='ocr_line' id='line_1_20' title="bbox 261 3405 1630 3480; baseline 0.002 -3"><span class='ocrx_word' id='word_1_157' title='bbox 261 3405 375 3477; x_wconf 78' lang='lat' dir='ltr'><strong>Sonoto</strong></span> <span class='ocrx_word' id='word_1_158' title='bbox 390 3407 413 3476; x_wconf 89' lang='lat' dir='ltr'><strong>J</strong></span> <span class='ocrx_word' id='word_1_159' title='bbox 413 3430 557 3476; x_wconf 76' lang='lat' dir='ltr'><strong>onem</strong></span> <span class='ocrx_word' id='word_1_160' title='bbox 571 3413 651 3476; x_wconf 90' lang='lat' dir='ltr'><strong>tuno</strong></span> <span class='ocrx_word' id='word_1_161' title='bbox 664 3409 849 3478; x_wconf 78' lang='lat' dir='ltr'><strong>sieeoomite</strong></span> <span class='ocrx_word' id='word_1_162' title='bbox 863 3412 973 3477; x_wconf 82' lang='lat' dir='ltr'><strong>nostro</strong></span> <span class='ocrx_word' id='word_1_163' title='bbox 988 3406 1261 3475; x_wconf 67' lang='lat' dir='ltr'><strong>(inuenerem</strong></span> <span class='ocrx_word' id='word_1_164' title='bbox 1281 3408 1413 3476; x_wconf 84' lang='lat' dir='ltr'><strong>domino</strong></span> <span class='ocrx_word' id='word_1_165' title='bbox 1433 3408 1630 3480; x_wconf 75' lang='lat' dir='ltr'><strong>Wnnnrsro</strong></span> 
     </span>
    </p>
   </div>
   <div class='ocr_carea' id='block_1_7' title="bbox 255 3542 1631 3751">
    <p class='ocr_par' dir='ltr' id='par_1_8' title="bbox 255 3542 1631 3751">
     <span class='ocr_line' id='line_1_21' title="bbox 257 3542 1631 3618; baseline 0.005 -6"><span class='ocrx_word' id='word_1_166' title='bbox 257 3542 484 3614; x_wconf 62' lang='lat' dir='ltr'><strong>&amp;insonum</strong></span> <span class='ocrx_word' id='word_1_167' title='bbox 505 3545 610 3614; x_wconf 84' lang='lat' dir='ltr'><strong>milite</strong></span> <span class='ocrx_word' id='word_1_168' title='bbox 645 3546 812 3614; x_wconf 73' lang='lat' dir='ltr'><strong>Jonerrnn</strong></span> <span class='ocrx_word' id='word_1_169' title='bbox 833 3545 963 3614; x_wconf 77' lang='lat' dir='ltr'><strong>Bssenr</strong></span> <span class='ocrx_word' id='word_1_170' title='bbox 1001 3547 1160 3612; x_wconf 79' lang='lat' dir='ltr'><strong>Ronnnro</strong></span> <span class='ocrx_word' id='word_1_171' title='bbox 1180 3543 1371 3614; x_wconf 60' lang='lat' dir='ltr'><strong>women</strong></span> <span class='ocrx_word' id='word_1_172' title='bbox 1408 3552 1442 3615; x_wconf 89' lang='lat' dir='ltr'><strong>et</strong></span> <span class='ocrx_word' id='word_1_173' title='bbox 1462 3545 1631 3618; x_wconf 71' lang='lat' dir='ltr'><strong>Jonsrerue</strong></span> 
     </span>
     <span class='ocr_line' id='line_1_22' title="bbox 255 3678 521 3751; baseline 0.008 -2"><span class='ocrx_word' id='word_1_174' title='bbox 255 3678 284 3750; x_wconf 86' lang='lat' dir='ltr'><strong>le</strong></span> <span class='ocrx_word' id='word_1_175' title='bbox 299 3681 379 3750; x_wconf 69' lang='lat' dir='ltr'><strong>En</strong></span> <span class='ocrx_word' id='word_1_176' title='bbox 392 3687 427 3750; x_wconf 86' lang='lat' dir='ltr'><strong>et</strong></span> <span class='ocrx_word' id='word_1_177' title='bbox 440 3683 521 3751; x_wconf 82' lang='lat' dir='ltr'><strong>eliis</strong></span> 
     </span>
    </p>
   </div>
   <div class='ocr_carea' id='block_1_8' title="bbox 251 3829 1630 4623">
    <p class='ocr_par' dir='ltr' id='par_1_9' title="bbox 251 3829 1630 4060">
     <span class='ocr_line' id='line_1_23' title="bbox 297 3829 1630 3927; baseline 0.001 -27"><span class='ocrx_word' id='word_1_178' title='bbox 297 3831 425 3900; x_wconf 68' lang='lat' dir='ltr'><strong>Datum</strong></span> <span class='ocrx_word' id='word_1_179' title='bbox 444 3833 534 3922; x_wconf 85' lang='lat' dir='ltr'><strong>opud</strong></span> <span class='ocrx_word' id='word_1_180' title='bbox 555 3831 720 3902; x_wconf 58' lang='lat' dir='ltr'><strong>Karene</strong></span> <span class='ocrx_word' id='word_1_181' title='bbox 741 3837 832 3902; x_wconf 86' lang='lat' dir='ltr'><strong>sexto</strong></span> <span class='ocrx_word' id='word_1_182' title='bbox 853 3831 978 3900; x_wconf 86' lang='lat' dir='ltr'><strong>desimo</strong></span> <span class='ocrx_word' id='word_1_183' title='bbox 999 3829 1054 3899; x_wconf 82' lang='lat' dir='ltr'><strong>die</strong></span> <span class='ocrx_word' id='word_1_184' title='bbox 1078 3829 1265 3900; x_wconf 78' lang='lat' dir='ltr'><strong>Ffebruurii</strong></span> <span class='ocrx_word' id='word_1_185' title='bbox 1293 3853 1380 3900; x_wconf 86' lang='lat' dir='ltr'><strong>enno</strong></span> <span class='ocrx_word' id='word_1_186' title='bbox 1407 3833 1502 3922; x_wconf 81' lang='lat' dir='ltr'><strong>regni</strong></span> <span class='ocrx_word' id='word_1_187' title='bbox 1525 3834 1630 3927; x_wconf 73' lang='lat' dir='ltr'><strong>Regis</strong></span> 
     </span>
     <span class='ocr_line' id='line_1_24' title="bbox 251 3963 1033 4060; baseline 0.001 -25"><span class='ocrx_word' id='word_1_188' title='bbox 251 3963 407 4058; x_wconf 71' lang='lat' dir='ltr'><strong>chennr</strong></span> <span class='ocrx_word' id='word_1_189' title='bbox 419 3969 551 4038; x_wconf 88' lang='lat' dir='ltr'><strong>seoundi</strong></span> <span class='ocrx_word' id='word_1_190' title='bbox 564 3973 637 4060; x_wconf 88' lang='lat' dir='ltr'><strong>post</strong></span> <span class='ocrx_word' id='word_1_191' title='bbox 650 3973 861 4058; x_wconf 85' lang='lat' dir='ltr'><strong>oonquestum</strong></span> <span class='ocrx_word' id='word_1_192' title='bbox 873 3967 1033 4037; x_wconf 71' lang='lat' dir='ltr'><strong>vicesimo.</strong></span> 
     </span>
    </p>

    <p class='ocr_par' dir='ltr' id='par_1_10' title="bbox 254 4115 1628 4623">
     <span class='ocr_line' id='line_1_25' title="bbox 299 4115 1628 4214; baseline 0.005 -28"><span class='ocrx_word' id='word_1_193' title='bbox 299 4117 370 4187; x_wconf 80' lang='lat' dir='ltr'><strong>The</strong></span> <span class='ocrx_word' id='word_1_194' title='bbox 389 4118 466 4203; x_wconf 88' lang='lat' dir='ltr'><strong>seol,</strong></span> <span class='ocrx_word' id='word_1_195' title='bbox 481 4119 518 4187; x_wconf 79' lang='lat' dir='ltr'><strong>oi</strong></span> <span class='ocrx_word' id='word_1_196' title='bbox 537 4120 596 4188; x_wconf 85' lang='lat' dir='ltr'><strong>rod</strong></span> <span class='ocrx_word' id='word_1_197' title='bbox 611 4119 739 4202; x_wconf 61' lang='lat' dir='ltr'><strong>wenis</strong></span> <span class='ocrx_word' id='word_1_198' title='bbox 757 4117 854 4188; x_wconf 87' lang='lat' dir='ltr'><strong>muoh</strong></span> <span class='ocrx_word' id='word_1_199' title='bbox 873 4117 1020 4207; x_wconf 71' lang='lat' dir='ltr'><strong>ebippeu</strong></span> <span class='ocrx_word' id='word_1_200' title='bbox 1065 4115 1101 4185; x_wconf 92' lang='lat' dir='ltr'><strong>It</strong></span> <span class='ocrx_word' id='word_1_201' title='bbox 1120 4115 1213 4184; x_wconf 79' lang='lat' dir='ltr'><strong>beers</strong></span> <span class='ocrx_word' id='word_1_202' title='bbox 1232 4139 1252 4184; x_wconf 86' lang='lat' dir='ltr'><strong>s</strong></span> <span class='ocrx_word' id='word_1_203' title='bbox 1270 4116 1413 4206; x_wconf 70' lang='lat' dir='ltr'><strong>Knipht,</strong></span> <span class='ocrx_word' id='word_1_204' title='bbox 1434 4126 1628 4214; x_wconf 72' lang='lat' dir='ltr'><strong>apparently</strong></span> 
     </span>
     <span class='ocr_line' id='line_1_26' title="bbox 254 4253 1626 4350; baseline 0.006 -28"><span class='ocrx_word' id='word_1_205' title='bbox 254 4253 1626 4350; x_wconf 55' lang='lat' dir='ltr'><strong>inohsinmessridingtothepmperleft,hevingtbeurmsoiDespoueerupon</strong></span> 
     </span>
     <span class='ocr_line' id='line_1_27' title="bbox 256 4391 1623 4486; baseline 0.005 -26"><span class='ocrx_word' id='word_1_206' title='bbox 256 4391 359 4483; x_wconf 82' lang='lat' dir='ltr'><strong>jupon</strong></span> <span class='ocrx_word' id='word_1_207' title='bbox 373 4395 440 4463; x_wconf 85' lang='lat' dir='ltr'><strong>sud</strong></span> <span class='ocrx_word' id='word_1_208' title='bbox 454 4393 568 4480; x_wconf 83' lang='lat' dir='ltr'><strong>ebield,</strong></span> <span class='ocrx_word' id='word_1_209' title='bbox 582 4395 647 4468; x_wconf 81' lang='lat' dir='ltr'><strong>und</strong></span> <span class='ocrx_word' id='word_1_210' title='bbox 662 4417 751 4486; x_wconf 89' lang='lat' dir='ltr'><strong>upon</strong></span> <span class='ocrx_word' id='word_1_211' title='bbox 764 4393 822 4464; x_wconf 83' lang='lat' dir='ltr'><strong>the</strong></span> <span class='ocrx_word' id='word_1_212' title='bbox 835 4393 965 4484; x_wconf 64' lang='lat' dir='ltr'><strong>poitrdl</strong></span> <span class='ocrx_word' id='word_1_213' title='bbox 979 4392 1046 4464; x_wconf 84' lang='lat' dir='ltr'><strong>sud</strong></span> <span class='ocrx_word' id='word_1_214' title='bbox 1059 4395 1194 4461; x_wconf 87' lang='lat' dir='ltr'><strong>oounter</strong></span> <span class='ocrx_word' id='word_1_215' title='bbox 1209 4394 1391 4481; x_wconf 82' lang='lat' dir='ltr'><strong>oepurisons</strong></span> <span class='ocrx_word' id='word_1_216' title='bbox 1404 4396 1441 4464; x_wconf 80' lang='lat' dir='ltr'><strong>of</strong></span> <span class='ocrx_word' id='word_1_217' title='bbox 1455 4395 1508 4464; x_wconf 90' lang='lat' dir='ltr'><strong>bis</strong></span> <span class='ocrx_word' id='word_1_218' title='bbox 1520 4397 1623 4467; x_wconf 88' lang='lat' dir='ltr'><strong>horse.</strong></span> 
     </span>
     <span class='ocr_line' id='line_1_28' title="bbox 258 4510 1623 4623; baseline 0.004 -24"><span class='ocrx_word' id='word_1_219' title='bbox 258 4525 326 4600; x_wconf 74' lang='lat' dir='ltr'><strong>The</strong></span> <span class='ocrx_word' id='word_1_220' title='bbox 348 4531 453 4601; x_wconf 80' lang='lat' dir='ltr'><strong>sword</strong></span> <span class='ocrx_word' id='word_1_221' title='bbox 474 4532 503 4601; x_wconf 87' lang='lat' dir='ltr'><strong>is</strong></span> <span class='ocrx_word' id='word_1_222' title='bbox 523 4532 665 4622; x_wconf 82' lang='lat' dir='ltr'><strong>upliited</strong></span> <span class='ocrx_word' id='word_1_223' title='bbox 685 4533 752 4602; x_wconf 83' lang='lat' dir='ltr'><strong>end</strong></span> <span class='ocrx_word' id='word_1_224' title='bbox 773 4531 904 4602; x_wconf 86' lang='lat' dir='ltr'><strong>seeured</strong></span> <span class='ocrx_word' id='word_1_225' title='bbox 917 4534 952 4601; x_wconf 87' lang='lat' dir='ltr'><strong>to</strong></span> <span class='ocrx_word' id='word_1_226' title='bbox 966 4527 1024 4600; x_wconf 88' lang='lat' dir='ltr'><strong>the</strong></span> <span class='ocrx_word' id='word_1_227' title='bbox 1043 4551 1173 4600; x_wconf 79' lang='lat' dir='ltr'><strong>urmour</strong></span> <span class='ocrx_word' id='word_1_228' title='bbox 1185 4528 1232 4617; x_wconf 84' lang='lat' dir='ltr'><strong>by</strong></span> <span class='ocrx_word' id='word_1_229' title='bbox 1247 4531 1368 4622; x_wconf 78' lang='lat' dir='ltr'><strong>ulight</strong></span> <span class='ocrx_word' id='word_1_230' title='bbox 1381 4533 1505 4623; x_wconf 85' lang='lat' dir='ltr'><strong>pleited</strong></span> <span class='ocrx_word' id='word_1_231' title='bbox 1518 4510 1623 4604; x_wconf 83' lang='lat' dir='ltr'><strong>obnin.</strong></span> 
     </span>
    </p>
   </div>
   <div class='ocr_carea' id='block_1_9' title="bbox 0 0 2015 5434">
    <p class='ocr_par' dir='ltr' id='par_1_11' title="bbox 0 0 2015 5434">
     <span class='ocr_line' id='line_1_29' title="bbox 0 0 2015 5434; baseline 0 0"><span class='ocrx_word' id='word_1_232' title='bbox 0 0 2015 5434; x_wconf 95' lang='lat' dir='ltr'><strong> </strong></span> 
     </span>
    </p>
   </div>
  </div>
 </body>
</html>
