4009 5434
1536 566 1600 633 123

264 876 1647 977 mnuiiterpoethujuemodieutiduotionemiuetemumetroetprieompredietie

267 1016 485 1085 dehbetentur
499 978 602 1104 quieti
615 1014 658 1083 de
678 1014 789 1103 dique
808 1014 1008 1102 preeteeione
1028 1015 1190 1084 eoluuione
1205 1038 1262 1083 eeu
1275 1016 1371 1085 feodo
1385 1021 1591 1105 pneterquum
1603 1018 1646 1085 de

268 1154 409 1243 qumque
423 1152 566 1221 denudie
579 1174 638 1241 pro
652 1152 748 1221 ieudo
760 1152 911 1241 janitoris
925 1151 1022 1221 eune·
1035 1153 1174 1242 pmdieti
1195 1151 1257 1222 eibi
1276 1176 1337 1242 pro
1357 1153 1504 1241 quolibet
1523 1152 1646 1223 ibidem

266 1292 477 1379 iunprieonuto
495 1290 665 1359 solvendis„

310 1426 359 1497 Et
371 1426 510 1497 ulterius
522 1432 562 1496 ut
577 1428 678 1496 iidem
696 1450 785 1496 nuno
806 1426 904 1497 ubbue
925 1432 960 1496 et
980 1432 1158 1497 eonventoe
1178 1431 1213 1497 et
1233 1450 1426 1497 eueoeeeoree
1445 1428 1497 1497 eui
1517 1426 1590 1497 Deo
1609 1428 1647 1495 in

269 1564 400 1635 eooleoiu
422 1564 551 1632 ubbetie
572 1565 714 1651 prediete
735 1565 878 1653 poterint
902 1566 938 1633 in
965 1570 1062 1633 anteo
1087 1566 1231 1655 quieeiue
1253 1566 1413 1635 deoervire
1437 1566 1648 1634 oouoeeeimue

270 1704 390 1772 undem
405 1704 493 1791 quod
507 1702 569 1790 ipei
583 1707 617 1769 et
630 1726 822 1774 euooeeeoree
836 1704 886 1772 oui
901 1726 939 1771 ee
952 1726 1064 1773 omnen
1077 1710 1225 1773 tenentes
1237 1726 1350 1772 eorum
1369 1709 1404 1771 et
1422 1703 1599 1771 renidentes
1610 1704 1648 1770 in

267 1841 366 1911 feodo
379 1838 541 1909 dominioo
552 1844 586 1908 et
595 1842 740 1910 dominio
750 1844 926 1911 eomudem
936 1842 1023 1911 intm
1032 1865 1134 1930 eques
1143 1841 1303 1930 prodietue
1313 1842 1458 1909 deeetero
1469 1840 1536 1908 sint
1545 1840 1648 1928 quieti

269 1980 310 2047 de
323 1977 474 2047 ommbue
488 1978 582 2045 donie
595 1978 767 2047 theoloniie
780 1980 911 2047 auxiliis
924 1979 1082 2069 tellingiie
1093 1979 1188 2047 nobie
1200 1983 1261 2047 eut
1269 1977 1442 2047 heredibus
1453 1977 1572 2045 noemin
1585 1978 1647 2045 eol·

269 2116 384 2185 vendin
391 2116 486 2183 eeotie
494 2119 528 2183 et
537 2113 730 2185 adventibus
740 2118 783 2184 ed
794 2116 983 2185 eomitutmn
993 2117 1164 2185 hundredo
1170 2122 1270 2185 turne
1279 2119 1440 2185 eommote
1449 2114 1649 2183 eommortbu

271 2252 692 2343 eemioneejustiuiutiorium
698 2253 922 2323 itinerantium
929 2258 963 2323 et
971 2255 1110 2322 eliorum
1116 2254 1460 2323 oommieeioumiomm
1466 2258 1649 2321 nostrorum

271 2397 303 2461 et
314 2392 398 2461 eiius
411 2392 516 2460 euxine
529 2394 655 2459 noetrue
671 2391 828 2461 heredum
847 2396 881 2461 et
900 2412 1115 2461 suoueeeomm
1132 2396 1316 2460 neutrorum
1335 2412 1599 2479 quorumeunque
1611 2388 1649 2458 in

271 2533 460 2617 perpetum
474 2527 682 2596 elemosinam
695 2528 934 2617 imperpetuum
946 2528 1044 2597 salvio
1053 2526 1148 2597 nobie
1158 2533 1193 2597 et
1201 2527 1373 2597 heredibus
1383 2528 1501 2595 nostrie
1511 2528 1649 2615 quudnu·

271 2666 364 2753 gintu
377 2664 489 2733 solidis
508 2665 626 2733 eunuie
645 2666 845 2753 supradietis.
890 2666 948 2734 Set
965 2688 1062 2754 super
1074 2668 1203 2734 eoedem
1217 2666 1364 2734 homines
1377 2671 1412 2735 et
1423 2666 1600 2733 renidentes
1612 2665 1650 2733 in

272 2800 359 2869 eurio
373 2799 499 2869 abbatie
513 2801 649 2889 prodieti
666 2806 701 2871 et
720 2826 787 2871 non
811 2804 906 2872 ubter
927 2826 988 2873 neo
1011 2803 1091 2873 abbi
1114 2806 1156 2873 de
1179 2804 1329 2873 omnibus
1350 2802 1447 2873 rebus
1469 2808 1503 2873 ot
1526 2803 1651 2872 mbos

272 2938 510 3028 megenum
523 2939 583 3007 ne
595 2939 726 3029 jusum
741 2906 933 3009 emunda.

315 3074 554 3163 Etiueuperde
561 3073 702 3143 uberiori
710 3076 818 3164 gretie
824 3082 936 3145 nostre
944 3078 1129 3147 dederimus
1137 3079 1381 3147 ooneemerimue
1388 3077 1652 3146 retifleuvenimue

273 3216 307 3280 et
319 3212 614 3281 confirmaverimus
627 3212 780 3302 prediotie
789 3236 877 3283 nuno
891 3213 1002 3284 ebbuti
1016 3220 1051 3285 et
1063 3216 1237 3285 eonventui
1250 3221 1285 3283 et
1298 3238 1409 3284 eorum
1423 3212 1653 3283 euooeeeoribue

273 3348 310 3416 iu
322 3352 513 3437 pmpetuum
523 3350 731 3420 elemosinam
740 3351 980 3441 imperpetuum
991 3353 1178 3421 omnimode
1190 3354 1272 3421 fines
1285 3353 1533 3420 umeroiumentu
1545 3352 1654 3420 exitus

273 3484 455 3555 iorinieotoe
468 3486 689 3555 tondentem
703 3491 737 3556 et
749 3488 989 3577 redempeionee
1001 3490 1044 3557 de
1057 3489 1243 3557 tenentibus
1256 3493 1291 3558 et
1307 3487 1522 3557 residentibus
1540 3508 1652 3576 eupre-

276 3622 369 3691 diotie
381 3622 435 3691 vel
449 3622 659 3711 quovinnodo
673 3624 937 3715 delinquentibus
949 3627 986 3695 in
1000 3627 1089 3696 dieto
1101 3627 1190 3695 ouria
1204 3649 1262 3695 sue
1276 3626 1551 3714 queliteronmquo
1563 3622 1654 3692 iuete

276 3758 440 3828 ionieieote
458 3782 515 3828 eeu
533 3762 736 3851 emergendo
754 3768 788 3831 et
809 3764 927 3833 oumlle
946 3764 1094 3833 felonmn
1112 3769 1147 3833 et
1166 3764 1382 3853 fugitivorum
1402 3783 1527 3830 neonon
1548 3761 1652 3829 omni·

275 3894 978 3971 modueioninieetumeeteemetueomnium
998 3897 1655 3971 tenorumtenemeutorumbouorumet

276 4032 649 4104 uutullorumeorundem
655 4038 841 4108 teneueium
849 4038 930 4108 dieti
937 4039 1065 4109 ebbutn‘e
1071 4043 1106 4109 et
1114 4060 1327 4109 moeeueorum
1335 4036 1654 4106 mommetuliorum

275 4169 585 4241 nmidenuiuminfiu
598 4194 699 4261 equae
712 4176 912 4263 eupnudiotee
924 4176 1072 4245 telenum
1085 4174 1302 4266 fugitiuorum
1311 4198 1369 4243 eeu
1378 4174 1654 4262 queliterenmque

276 4306 525 4397 dmpnetorum
544 4310 805 4381 uneoumlibme
825 4311 962 4401 pieourie
981 4312 1020 4381 in
1040 4312 1136 4381 diotie
1156 4310 1654 4401 equiequentumtemeuode

277 4442 470 4513 &umen
484 4468 518 4514 ee
532 4448 688 4517 extendit
724 4448 772 4519 ut
785 4448 982 4519 voluerimus
995 4450 1084 4537 quod
1096 4447 1180 4517 bene
1192 4448 1288 4517 lioeet
1300 4449 1423 4517 eisdem
1440 4470 1528 4515 nune
1544 4445 1656 4515 ebbuti

277 4582 1657 4677 etmnuentuietmoeenoribmeuinperminietnooeuoeeeineeieinumeorundem
