4009 5434
489 567 553 635 164

438 878 594 949 Bessara
631 878 795 948 &annuo
815 879 983 949 Armanas
1017 880 1186 951 Jonamsr
1206 881 1397 953 names
1415 890 1451 954 et
1469 884 1633 955 Rornae
1652 887 1811 959 worm

435 1018 614 1109 maara
667 1017 794 1086 naam
821 991 1812 1114 asosmmomsmamosgumgonm

436 1156 520 1225 ³015
533 1160 607 1245 vost
620 1160 830 1243 wasnaum
842 1155 957 1245 vn'mo·
999 1154 1132 1246 [142³]

477 1326 550 1396 Nos
569 1329 681 1395 autem
701 1324 890 1393 donationes
911 1324 1127 1393 oonoeasiones
1145 1324 1373 1394 ratificationes
1397 1330 1432 1395 ot
1456 1328 1714 1399 oonllrmationea
1734 1352 1807 1419 pre·

431 1466 535 1534 diotae
556 1486 594 1532 ao
614 1462 723 1531 omnia
744 1462 809 1530 alia
829 1467 864 1531 et
884 1462 1015 1551 singula
1035 1462 1071 1529 in
1092 1462 1189 1531 sartis
1208 1463 1807 1552 stlitesispredietiseonteutasratss

429 1602 586 1671 babentes
600 1605 633 1669 at
647 1604 756 1690 gratu
773 1622 827 1667 sas
839 1620 898 1687 pre
912 1598 1006 1667 nobis
1019 1603 1053 1666 et
1064 1596 1237 1666 heredibus
1257 1603 1292 1667 et
1313 1600 1542 1669 suoessboribus
1561 1603 1681 1671 nostrie
1701 1628 1805 1693 quan·

428 1746 501 1811 tum
515 1740 551 1807 in
565 1736 658 1807 nobis
671 1740 721 1807 est
734 1739 935 1824 acceptamus
951 1734 1167 1823 approbamus
1187 1737 1384 1833 ratilioamus
1404 1743 1439 1807 et
1459 1741 1686 1811 oonlirmamus
1706 1747 1805 1831 prout

429 1883 515 1949 arte
535 1880 643 1946 nostre
664 1874 807 1963 predicte
828 1871 1064 1941 rationabiliter
1090 1876 1261 1942 munais
1306 1874 1355 1943 Et
1380 1858 1613 1964 preterea'nos
1641 1880 1803 1967 siquidem
1875 1959 1877 1962 ,

425 2015 663 2085 oonsiderantes
676 2012 866 2080 fidelitatem
879 2034 1035 2100 magnam
1055 2012 1284 2100 integrumque
1303 2033 1445 2081 amorem
1466 2036 1564 2102 quem
1583 2015 1705 2103 prefati
1723 2015 1801 2085 bur

425 2174 540 2243 genses
556 2173 635 2240 erga
647 2172 707 2218 nos
720 2153 755 2217 et
768 2153 979 2217 anteoessores
998 2152 1125 2217 nostros
1145 2148 1297 2215 oontinue
1316 2148 1503 2218 babuerunt
1523 2155 1557 2218 et
1577 2152 1717 2240 qualiter
1737 2153 1801 2243 ipa·

422 2290 460 2357 in
473 2286 769 2365 manifestationem
785 2284 951 2353 fidelitatis
964 2288 999 2353 et
1012 2284 1130 2353 amoris
1142 2284 1332 2374 hujusmodi
1351 2286 1583 2376 profeotionem
1603 2293 1639 2357 et
1659 2294 1799 2359 ostenta·

424 2428 546 2497 tionem
569 2426 682 2493 villam
704 2428 848 2493 nostrum
864 2423 1043 2511 prediotam
1058 2428 1128 2492 tam
1149 2423 1187 2492 in
1203 2424 1305 2492 muria
1322 2424 1475 2493 tumbas·
1490 2426 1592 2513 portis
1614 2430 1649 2494 et
1670 2427 1799 2497 fossatis

421 2586 523 2653 quam
536 2562 631 2631 aliter
643 2584 711 2630 non
725 2560 845 2648 absque
859 2582 971 2629 eorum
983 2560 1135 2629 maximis
1154 2559 1319 2628 laboribus
1339 2560 1483 2629 oustibm
1502 2565 1538 2629 et
1557 2564 1707 2650 aponus
1726 2563 1798 2653 jam

420 2702 514 2769 tarde
524 2699 665 2767 multum
675 2696 882 2765 laudabiliter
891 2696 1147 2765 fortifloavenmt
1156 2696 1556 2786 munieruntetpararunt
1565 2699 1652 2767 unde
1662 2722 1796 2789 gravem

420 2836 681 2926 indignationem
727 2834 901 2921 odiumque
949 2831 991 2902 ab
1032 2833 1174 2901 externis
1217 2834 1490 2903 oommorantibus
1522 2834 1657 2904 diruas
1690 2838 1796 2907 modis

336 2964 340 2971 ·
419 2974 605 3043 umens
618 2973 870 3042 stammas
883 2975 917 3038 es
930 2970 1111 3040 sonabant
1124 2975 1158 3039 ee
1177 2971 1344 3039 ame
1363 2973 1406 3041 ee
1425 2975 1568 3061 pessus
1588 2952 1795 3064 vomis

420 3111 554 3201 perinde
576 3110 662 3197 ipsos
683 3130 742 3196 pro
764 3106 889 3175 meritis
911 3106 977 3175 suis
999 3106 1036 3174 in
1057 3107 1119 3176 bao
1142 3112 1235 3196 parte
1258 3108 1405 3197 undique
1432 3112 1589 3199 premiare
1618 3113 1659 3179 de
1687 3114 1795 3202 gratia

419 3254 529 3318 nostru
553 3246 684 3335 speciali
712 3244 922 3313 oonoessimus
949 3266 1009 3333 pro
1036 3244 1130 3314 nobis
1156 3245 1329 3316 heredibus
1356 3249 1391 3316 st
1417 3249 1647 3317 moeessonbue
1674 3249 1794 3320 nostris

419 3384 553 3474 pretatis
573 3381 789 3471 burgensibus
811 3385 846 3449 ot
872 3381 1087 3450 residentibus
1113 3382 1192 3451 ville
1219 3386 1328 3452 nostre
1355 3384 1498 3472 prediolo
1528 3388 1563 3453 et
1588 3386 1792 3456 libertatabue

418 3522 565 3612 ejusdem
579 3542 617 3588 ao
629 3518 801 3587 heredibus
815 3523 848 3586 et
862 3517 1092 3587 suooessonbus
1105 3519 1171 3587 suis
1185 3522 1273 3608 quod
1289 3542 1402 3589 eorum
1417 3520 1529 3590 nullus
1549 3545 1608 3611 pro
1628 3524 1791 3613 aliquibus

417 3659 558 3729 ffeloniis
599 3655 907 3747 transgressionibus
949 3656 1217 3726 eonvenoiombus
1252 3679 1310 3726 seu
1344 3660 1516 3728 oonbaotis
1550 3664 1643 3728 extra
1676 3659 1790 3729 villam

415 3802 559 3867 nostram
572 3795 751 3885 mediatam
764 3798 798 3863 et
810 3794 975 3863 libertates
992 3796 1140 3885 ejusdem
1156 3794 1252 3863 festia
1271 3792 1351 3864 abbi
1371 3820 1471 3885 quam
1491 3819 1599 3865 eoram
1619 3796 1788 3865 oonstabu·

413 3936 495 4005 lario
508 3936 586 4004 ville
599 3934 742 4025 prediote
756 3938 790 4002 et
802 3932 931 4002 ballivis
948 3932 1096 4024 ejusdem
1111 3933 1190 4003 ville
1203 3957 1262 4023 pro
1274 3938 1418 4023 tempore
1439 3934 1652 4003 existentibus
1672 3956 1730 4003 seu
1749 3935 1787 4004 in

412 4072 561 4143 absenoia
573 4071 694 4161 prefati
715 4070 942 4140 constabularii
959 4094 1067 4140 eoram
1087 4072 1182 4141 dietis
1200 4071 1331 4141 ballivis
1350 4072 1569 4161 implaeitetur
1588 4071 1789 4161 inquietetur

412 4217 471 4280 aut
483 4210 671 4280 molestatam
683 4210 720 4278 in
734 4210 843 4299 aliquo
856 4232 914 4279 ssu
927 4213 1082 4300 gravetur
1093 4210 1159 4278 nisi
1171 4210 1273 4279 iussit
1285 4210 1333 4279 ita
1346 4212 1434 4299 quod
1447 4210 1523 4277 talis
1535 4208 1706 4299 burgonno
1718 4208 1788 4279 eive

268 4343 271 4349 ’
385 4346 1787 4437 -sesidensextnuvillametlibertatempredietameummanuoperedeffelonia

406 4490 520 4576 oapttss
540 4484 651 4555 inerit
694 4482 743 4554 Et
765 4486 853 4574 quod
874 4484 1021 4575 pretatis
1043 4484 1297 4555 eonatabulmius
1316 4490 1352 4553 et
1368 4484 1485 4553 ballivi
1504 4484 1556 4552 sui
1575 4482 1612 4552 in
1633 4482 1784 4555 absorde
