4009 5434
1555 661 1600 729 23

263 975 336 1044 hein
356 998 378 1043 e
397 973 421 1044 J
421 997 516 1042 enen
531 973 688 1042 Nounms
707 995 753 1042 nn
773 973 1042 1042 Leone-Gemi
1062 974 1242 1043 Rendeunt
1262 975 1389 1064 eheqnn
1410 998 1454 1043 en
1471 975 1592 1044 dmnnt
1609 975 1645 1044 le

264 1113 366 1180 ferme
396 1112 517 1180 susdits
547 1133 583 1179 es
612 1115 733 1179 evsunt
766 1112 849 1178 diste
878 1111 974 1179 Abbe
1002 1116 1037 1178 et
1065 1111 1191 1180 covent
1222 1135 1263 1180 en
1295 1112 1328 1180 le
1360 1111 1443 1180 feste
1474 1113 1516 1179 de
1547 1111 1642 1180 Seint

265 1248 410 1317 Msennn
437 1271 525 1318 nus
554 1250 638 1318 1an
666 1272 764 1318 senne
793 1253 884 1316 outre
920 1249 1034 1317 delnie.
1089 1248 1137 1316 nt
1173 1272 1214 1338 qe
1248 1250 1281 1318 le
1316 1248 1398 1318 hnre
1429 1271 1474 1337 qe
1509 1249 1541 1317 le
1576 1249 1643 1317 dist

265 1385 385 1455 Jonsn
406 1385 527 1454 Dsuns
549 1409 591 1454 ne
613 1387 685 1454 sees
705 1386 739 1454 ln
759 1387 923 1474 peiement
944 1387 985 1453 de
1006 1407 1094 1454 xnus
1117 1386 1201 1454 med
1229 1386 1356 1474 eheqnn
1384 1410 1428 1455 en
1457 1387 1491 1454 el
1514 1387 1578 1454 fest
1600 1387 1642 1456 de

267 1522 361 1592 Seint
389 1523 512 1591 Miehel
541 1547 584 1590 ou
612 1525 717 1608 deynn
746 1524 778 1590 le
807 1523 996 1611 qninseyme
1025 1522 1188 1611 proeheyn
1216 1528 1337 1592 snsunt
1364 1524 1441 1592 lisee
1469 1525 1575 1612 donqe
1604 1545 1640 1592 us

266 1666 388 1728 eveunt
410 1661 478 1728 diu
499 1659 596 1728 Abbe
620 1663 653 1728 et
678 1659 802 1728 Oovent
827 1663 935 1728 ouster
958 1660 990 1726 le
1015 1660 1081 1729 dist
1105 1661 1224 1730 Jonnn
1249 1666 1283 1730 et
1303 1662 1340 1749 ly
1366 1661 1517 1729 forselore
1538 1663 1580 1730 de
1604 1683 1642 1730 se

266 1796 367 1865 ferme
388 1801 422 1865 et
450 1799 491 1864 de
512 1801 580 1866 tote
602 1819 733 1865 munere
758 1798 864 1864 eution
886 1799 927 1864 de
956 1799 990 1864 le
1018 1801 1103 1866 terre
1131 1803 1254 1882 emunt
1274 1799 1349 1866 dist
1393 1797 1450 1865 En
1470 1799 1639 1867 testmoin·

267 1955 368 2001 eunee
396 1935 437 2002 de
466 1934 561 2022 quele
583 1935 677 2002 ehose
699 1935 749 2002 len
774 1937 896 2002 evsunt
920 1935 988 2002 diu
1013 1933 1109 2003 Abbe
1133 1939 1168 2003 et
1190 1935 1316 2004 Oovent
1340 1939 1374 2004 et
1395 1935 1492 2003 Jonn
1513 1959 1535 2004 e
1555 1939 1640 2004 ueste

267 2071 444 2140 endsntnre
470 2071 728 2140 ehunisblement
748 2075 829 2140 ount
851 2095 925 2159 mys
943 2073 1016 2140 leur
1037 2073 1128 2140 seule
1172 2071 1269 2142 Done
1291 2097 1313 2140 e
1333 2073 1495 2156 Monens,
1510 2073 1543 2142 le
1563 2071 1641 2161 jour

267 2205 359 2276 Seint
372 2209 524 2276 Aunnnu
538 2207 570 2276 le
584 2209 707 2297 epostle
720 2208 777 2276 len
791 2209 903 2276 snsdit.

318 2369 367 2418 For
376 2369 420 2417 the
429 2369 525 2418 Dennis
534 2370 656 2431 pedigree,
666 2383 707 2418 see
716 2369 820 2418 Limbns
830 2369 941 2430 Petrum,
951 2383 975 2430 p.
986 2370 1038 2418 881.

318 2465 486 2514 Iactis-mstlu
495 2467 543 2519 ise
553 2480 639 2514 muner
648 2480 708 2515 neer
717 2465 869 2516 laum.

319 2561 448 2612 Weterten
459 2563 481 2610 is
491 2576 507 2610 s
516 2563 609 2611 hemlee
619 2576 678 2611 nest
688 2561 822 2623 Bridgend.

861 2847 1043 2918 OOXUVL

287 3011 418 3092 unse,
450 2974 727 3080 'nsuensnn
764 3009 825 3078 on
861 3009 1178 3100 sonnonem.
1238 3011 1526 3086 eumenem
1554 3011 1615 3082 no

680 3145 839 3216 enono
873 3146 937 3216 sn
969 3145 1088 3216 [von
1118 3146 1221 3217 mn

812 3311 951 3402 [osnes
973 3311 1090 3402 Mes]

1031 3477 1071 3542 12
1088 3475 1195 3543 Snus:
1234 3475 1384 3544 tRscn:
1406 3475 1458 3547 Π.
1497 3478 1594 3548 1379.

309 3625 427 3694 Patent
439 3625 598 3694 universis
611 3649 669 3712 per
682 3628 845 3713 presentes
859 3647 911 3692 me
924 3622 1031 3691 ans’
1051 3623 1154 3692 fllium
1172 3624 1197 3692 J
1197 3623 1250 3690 on’
1271 3648 1313 3714 sp
1335 3624 1429 3693 Kns’
1451 3627 1640 3696 oonoessiese

265 3763 423 3830 remisisse
432 3763 591 3830 relsxnsee
604 3766 639 3829 et
653 3761 784 3829 omnino
795 3784 854 3849 pro
863 3784 916 3828 me
927 3765 959 3828 et
970 3760 1142 3828 hesedibus
1152 3761 1233 3828 meis
1242 3761 1480 3850 imperpetuum
1491 3762 1638 3850 quietum

266 3899 419 3968 demesso
433 3899 553 3968 Gnoso
568 3923 609 3990 ep
623 3899 711 3968 Ivon
724 3899 802 3967 Hm
815 3897 987 3966 heiedibus
1001 3903 1035 3966 et
1048 3898 1221 3987 assignetis
1241 3898 1308 3966 suis
1327 3902 1433 3966 totum
1453 3898 1509 3986 jus
1529 3921 1640 3968 meum

266 4041 302 4106 et
314 4037 473 4104 ulemeum
487 4037 574 4125 quod
593 4035 696 4105 hebso
717 4035 818 4104 hebui
839 4057 896 4103 seu
917 4035 1026 4122 ulique
1047 4037 1144 4104 modo
1165 4037 1310 4104 deeetem
1331 4035 1449 4104 hebere
1469 4040 1582 4126 potero
1602 4037 1640 4104 in

267 4173 417 4242 omnibns
430 4174 525 4242 terris
538 4177 572 4242 et
584 4174 779 4244 tenementis
791 4173 893 4262 pratis
906 4173 1047 4261 pasturis
1064 4171 1166 4239 bosois
1186 4175 1286 4240 vestis
1307 4197 1382 4242 eum
1402 4173 1553 4242 omnibus
1572 4173 1640 4242 suis

264 4293 472 4399 peitineneiis
485 4310 521 4378 in
535 4310 686 4400 pnroehis
699 4311 741 4378 de
754 4309 970 4378 messnu
992 4311 1029 4377 in
1051 4310 1146 4378 feodo
1164 4311 1206 4378 de
1221 4309 1362 4380 Gmun'.
1407 4311 1463 4379 Ite
1477 4311 1565 4399 qnod
1577 4333 1638 4380 nee

267 4470 329 4537 ego
341 4449 487 4536 prediuts
499 4448 594 4516 ann
615 4471 675 4516 nee
695 4447 828 4516 heredes
845 4447 911 4514 mei
931 4469 991 4514 nee
1010 4446 1128 4534 uliquis
1141 4447 1224 4514 elius
1237 4452 1348 4517 nostro
1360 4449 1491 4517 nomine
1505 4448 1637 4536 aliquod

261 4584 318 4674 jue
330 4585 384 4654 vel
397 4585 555 4656 demeum
571 4585 608 4654 in
629 4583 779 4655 omnibus
799 4585 893 4652 ienis
914 4585 1108 4652 tenementis
1128 4585 1229 4672 pestis
1253 4588 1394 4674 pasturis
1415 4585 1517 4654 boseis
1537 4586 1638 4654 vestis
