4009 5434
434 640 496 707 184

386 952 429 1017 de
451 948 536 1017 lanis
556 948 649 1016 coriis
669 947 808 1037 pellibus
828 948 950 1016 lanutis
974 970 1013 1015 ac
1035 946 1120 1015 vinis
1140 945 1233 1015 nobis
1255 950 1289 1014 ct
1309 944 1481 1015 heredibus
1504 945 1623 1015 nosti-is
1644 945 1762 1015 debitis

388 1088 560 1156 dumtaxat
584 1086 735 1174 exeeptis.
780 1085 891 1160 Quare
914 1084 1064 1152 volumus
1088 1087 1123 1152 et
1146 1083 1282 1151 firmiter
1305 1084 1499 1171 precipimus
1526 1105 1586 1171 pm
1609 1082 1705 1152 nobis
1728 1088 1761 1151 et

387 1223 559 1294 heredibus
571 1224 689 1293 nostris
703 1226 790 1312 quod
803 1223 891 1291 idem
905 1221 1013 1289 Huoo
1027 1224 1062 1289 et
1078 1220 1212 1288 heredes
1228 1220 1279 1289 sui
1292 1243 1330 1288 ac
1343 1242 1455 1288 eorum
1466 1220 1644 1311 burgenses
1657 1225 1692 1289 et
1704 1222 1761 1290 alii

387 1362 535 1431 homines
547 1367 583 1431 et
594 1366 742 1431 tenentes
755 1364 796 1429 de
809 1360 961 1449 predictis
974 1359 1062 1427 viilis
1075 1360 1116 1427 de
1132 1358 1281 1426 Kennrr
1299 1357 1378 1426 Usu
1392 1357 1578 1427 Kasianon
1591 1358 1761 1429 Nnnroan

389 1497 600 1566 Gonnauocn
614 1499 743 1568 Neam
764 1503 799 1567 et
813 1498 986 1567 Knnnrnc
1000 1497 1037 1563 in
1050 1495 1202 1568 wrcen
1216 1498 1256 1563 de
1271 1482 1420 1565 omnibus
1432 1494 1528 1564 rebus
1541 1500 1575 1563 et
1587 1495 1682 1564 bonis
1695 1496 1760 1563 suis

388 1640 458 1703 tam
474 1636 624 1704 videlicet
641 1637 848 1705 mercandisis
869 1660 968 1725 quam
989 1636 1062 1705 aliis
1082 1636 1320 1723 imperpetuum
1343 1634 1410 1701 sint
1432 1633 1534 1720 quieti
1555 1634 1597 1701 de
1617 1632 1760 1701 thelonio

388 1773 537 1861 munegio
550 1774 706 1863 pontagio
719 1774 858 1862 pavagio
867 1774 1006 1863 lestagio
1017 1774 1166 1861 nailegio
1179 1774 1306 1863 picagio
1319 1773 1469 1863 benagio
1482 1773 1623 1863 terragio
1636 1795 1760 1841 necnon

389 1912 431 1979 de
445 1910 594 1979 omnibus
607 1911 680 1978 aliis
694 1911 849 1979 nutumie
863 1916 897 1979 et
910 1909 1195 1979 consuetudinibus
1213 1934 1271 1999 per
1285 1915 1392 1979 totum
1408 1931 1547 1999 regnum
1563 1913 1710 1979 nostrum
1724 1932 1762 1977 ac

388 2049 543 2115 ducatum
556 2053 703 2115 noctrum
716 2007 917 2120 Acerram
932 2054 966 2117 et
984 2053 1103 2117 tenum
1124 2054 1267 2116 nostrum
1289 2048 1472 2115 Horum
1494 2070 1531 2115 ac
1552 2046 1684 2115 aliunde
1704 2069 1763 2133 per

389 2188 581 2272 potestatem
594 2189 738 2253 noshem
752 2186 907 2253 custumis
924 2186 964 2253 de
982 2185 1067 2253 lauis
1081 2185 1174 2254 coriis
1187 2185 1325 2273 pellibus
1337 2186 1459 2254 lanutis
1473 2209 1510 2255 cc
1524 2184 1609 2253 vinis
1622 2182 1715 2252 nobis
1729 2188 1764 2251 et

387 2320 559 2390 heredibus
572 2323 690 2391 nostris
703 2323 820 2392 debitis
834 2324 1006 2391 dumtaxat
1019 2323 1160 2411 exeeptis
1174 2324 1257 2391 sicut
1271 2324 1452 2411 predictum
1468 2326 1526 2389 est.
1571 2320 1651 2387 Hiis
1671 2321 1764 2388 testi·

388 2458 451 2526 bus
472 2459 707 2529 venerabihbus
728 2459 875 2548 patribus
896 2460 952 2529 W.
975 2460 1209 2547 archiepiscopo
1233 2457 1476 2525 Oaurnannnm
1498 2456 1601 2524 tocius
1620 2454 1765 2523 Ancum

388 2597 526 2683 primate
540 2596 573 2665 J.
589 2597 812 2665 Noamcnusr
826 2602 861 2663 et
875 2595 909 2664 J.
925 2595 1146 2663 Olcesneuuu
1165 2594 1320 2683 episcopis
1334 2593 1507 2663 Ancuano
1526 2595 1567 2662 de
1582 2592 1766 2664 Vannucu

389 2733 506 2801 comite
519 2734 747 2801 Puueaocmn
762 2733 939 2802 Enuuuno
960 2734 1076 2801 comita
1097 2732 1329 2799 Ancunnmn
1350 2729 1518 2799 Jonanrsn
1539 2731 1580 2799 de
1601 2730 1767 2799 Sncnavn

390 2870 513 2939 seniore
527 2871 724 2942 Wsnnnnuo
752 2872 905 2939 Mrem
921 2872 1076 2938 R1cann0
1091 2869 1261 2936 Dauuom
1282 2870 1453 2936 senescallo
1466 2868 1601 2957 hospicii
1614 2870 1718 2936 ncstni
1732 2876 1768 2939 et

390 3007 471 3075 aliis.
517 3008 643 3075 Datum
670 3032 729 3096 per
756 3030 890 3075 menum
915 3013 1059 3075 nostram
1084 2968 1172 3093 apud
1197 3004 1547 3074 Wnsrucunsrnnmu
1572 3004 1688 3091 quarto
1711 3004 1767 3071 dic

391 3144 508 3212 Marcii
522 3168 608 3212 anno
621 3145 716 3234 regni
728 3145 831 3213 nostri
844 3146 967 3213 docimo
982 3145 1127 3232 septimo.
1175 3141 1307 3233 [1324]

435 3309 506 3377 Nos
525 3315 634 3377 autem
656 3309 887 3378 concessionem
909 3313 942 3375 et
963 3308 1241 3375 confirmacionem
1264 3305 1424 3393 predictas
1447 3308 1535 3373 ratas
1556 3302 1712 3371 hebentes
1734 3308 1767 3371 et

393 3451 503 3534 gratas
520 3470 574 3514 cas
594 3470 653 3536 pro
674 3446 767 3515 nobis
788 3451 822 3514 et
841 3445 1013 3515 heredibus
1033 3446 1150 3513 nostris
1171 3450 1331 3534 quantem
1351 3443 1386 3510 in
1409 3441 1503 3511 nobis
1523 3444 1573 3510 est
1593 3441 1711 3508 dilecto
1734 3446 1767 3509 st

392 3584 482 3651 fideli
509 3588 618 3653 nostro
647 3584 825 3651 Enwaano
859 3586 891 3651 le
924 3585 1128 3652 Dasrnnsnn
1162 3582 1399 3671 consanguineo
1428 3585 1463 3647 et
1491 3577 1601 3646 heredi
1630 3578 1768 3665 predicti

393 3721 556 3789 Hucorue
570 3746 608 3790 ao
621 3745 708 3789 nunc
721 3720 936 3810 burgensibus
950 3726 984 3788 et
997 3721 1070 3788 eliis
1089 3719 1275 3788 hominibus
1295 3724 1329 3786 et
1349 3716 1534 3785 tenentibus
1554 3716 1596 3783 de
1617 3714 1768 3784 Knnurr

393 3857 472 3927 Usu
497 3859 691 3927 Kanaurou
716 3860 885 3927 Nnoecnn
915 3858 1125 3925 Occaamcu
1151 3856 1280 3924 Nnnnn
1309 3860 1343 3923 et
1370 3854 1543 3923 Knuneno
1570 3854 1783 3957 mfiflmmun

393 3996 607 4083 approbemus
628 4001 662 4065 et
683 3998 909 4066 confirmamus
929 4000 1027 4083 prout
1049 4000 1137 4063 carta
1158 3994 1301 4081 predicta
1321 3990 1557 4061 rationabiliter
1575 3994 1713 4059 testam
1734 3996 1770 4058 et

389 4130 566 4219 'proutipsi
580 4139 739 4201 eteorum
753 4137 964 4200 antecessores
976 4130 1180 4199 hbertatibus
1194 4134 1228 4197 et
1247 4128 1436 4217 quietanoiis
1455 4128 1523 4197 illis
1541 4126 1696 4196 hactenus
1717 4129 1772 4196 usi

395 4274 472 4336 sunt
491 4269 727 4338 rationabiliter
748 4275 781 4337 et
802 4269 915 4358 gavisi.
961 4268 1040 4335 Hiis
1059 4268 1195 4336 testibus
1207 4264 1443 4335 venerabilibus
1456 4264 1602 4355 patribus
1615 4263 1649 4333 S.
1664 4264 1772 4333 archi·

395 4404 541 4493 episcopo
560 4406 804 4473 Gausuaanun
828 4407 931 4474 tocius
957 4406 1097 4475 Ancmn
1119 4406 1257 4494 primate
1278 4404 1334 4474 W.
1357 4403 1601 4476 Wrunomnusr
1623 4403 1774 4491 episcopo

395 4542 584 4609 cancellario
608 4550 719 4613 nostro
739 4543 773 4611 J.
797 4543 972 4611 Boream
995 4544 1142 4632 episcopo
1162 4542 1361 4612 thesaurario
1380 4546 1490 4611 nostro
1511 4540 1708 4613 Wmnnnuo
1729 4542 1775 4611 de
